3506 5312
398 413 431 457 1v
931 411 1097 458 marano

400 572 478 656 only
501 572 703 655 strenglhens
736 571 789 636 tbe
820 572 1000 636 conviction
1032 571 1100 636 that
1131 571 1183 636 the
1215 575 1284 636 text
1310 572 1340 634 is
1362 573 1543 655 constantly
1565 574 1623 636 im-

398 681 547 765 proving,
583 679 647 742 and
679 679 746 744 that
777 679 830 744 the
862 680 988 744 wildest
1024 681 1190 744 emenders
1223 679 1478 764 [emendatorsil
1511 679 1625 744 almost

399 786 580 870 invariably
612 787 704 851 make
736 807 824 854 some
856 787 1048 852 discoveries
1081 787 1114 852 of
1147 792 1332 872 permanent
1363 785 1486 851 value.'’
1533 784 1624 863 Quod

400 895 441 959 ad
463 912 515 958 me
537 895 644 978 ipsum
667 895 792 978 attinet,
815 897 891 960 satis
914 896 975 960 erit
998 895 1103 960 dicere
1126 895 1302 960 maximam
1324 914 1376 960 me
1399 912 1528 978 operam
1551 915 1624 959 cum

400 1001 436 1065 in
460 1002 682 1066 emendatione
711 1007 782 1068 tum
808 1002 843 1066 in
871 1002 1095 1086 explanatione
1123 1006 1232 1067 textus
1259 1002 1417 1086 posuisse,
1451 1005 1496 1084 et,
1519 1003 1547 1066 si
1570 1002 1625 1065 ali-

401 1109 478 1192 quid
502 1109 543 1175 ad
565 1115 675 1194 poetae
697 1111 798 1174 nostri
821 1109 989 1174 lectionem
1020 1110 1194 1175 faciliorem
1225 1108 1421 1175 reddendam
1452 1109 1624 1192 contulero,

400 1217 493 1283 valde
515 1222 637 1299 gratmn
660 1217 741 1280 mihi
764 1216 831 1280 fore
852 1216 970 1281 laboris
993 1217 1057 1281 mei
1079 1217 1273 1282 memoriam.

490 1323 640 1390 Ceterum
663 1325 720 1388 rix
743 1342 823 1408 opus
846 1328 893 1388 est
915 1328 952 1388 ut
966 1324 1116 1390 lectorem
1141 1343 1289 1388 moneam
1311 1324 1396 1388 idem
1419 1323 1515 1406 hujus
1538 1322 1626 1386 fabu-

399 1433 449 1498 lae
477 1451 514 1496 ac
536 1429 706 1518 ,Sophoclis
729 1429 873 1496 Electrae
906 1436 938 1496 et
965 1431 1091 1496 fabulae
1118 1432 1317 1515 cognominis
1339 1417 1532 1514 Euripideae
1560 1449 1626 1494 esse

401 1545 639 1624 argumentum,
671 1539 807 1622 ideoque
839 1538 909 1605 fieri
941 1545 978 1603 ut
1008 1539 1135 1604 facilius
1164 1538 1203 1603 de
1226 1539 1324 1603 trium
1347 1537 1627 1604 celeberrimorum

401 1653 568 1732 poetarum
591 1648 785 1731 tragicorum
812 1647 935 1712 meritis
958 1645 1132 1730 dijudicare
1159 1647 1260 1712 liceat.
1307 1645 1346 1709 In
1369 1647 1429 1710 hoc
1456 1646 1627 1710 certamine

401 1756 524 1838 poetico
555 1773 664 1838 nemo,
693 1754 820 1840 opinor,
852 1756 912 1819 erit
940 1755 996 1836 qui
1024 1772 1090 1818 non
1112 1753 1248 1819 libenter
1274 1752 1423 1838 Sophocli
1453 1759 1500 1835 τῷ
1530 1753 1627 1835 μέλιτι

401 1863 580 1944 κεχριμένῳ
603 1862 656 1926 καὶ
678 1861 831 1945 ἡὸυμελεῖ
849 1861 987 1945 palmam
1011 1860 1214 1925 tribuendam
1235 1879 1303 1925 esse
1325 1859 1486 1924 concedat.

509 2021 693 2088 Scribebam
717 2021 934 2106 Brightoniae,
958 2019 1143 2087 Decembris
1167 2021 1218 2087 die
1244 2022 1293 2084 19.
1320 2021 1413 2084 1898.
