3530 5314
838 395 1089 460 ΑΙΣΧΥΛΟΥ
1197 491 1200 502 1

552 582 678 665 βροτοῖς
700 575 895 662 πιφαύσκων
917 573 984 640 εἶπε
1005 575 1188 660 βλαστάνειν
1210 575 1325 648 νόσους

554 691 685 770 σαρκῶν
708 687 929 768 ἕπεμβατῆρσς
951 684 1073 766 ἀγρίαις
1096 684 1236 766 γνάύοις,
1510 684 1575 748 280

553 795 698 877 λειχῆνας
721 792 909 866 ἐξέσθοντας
931 791 1067 874 ἀρχαίαν
1090 790 1197 873 φύσιν·

555 900 670 971 λευκὰς
693 899 728 964 δὲ
750 899 872 982 κόρσας
894 898 963 982 τῇδ’
987 897 1180 961 ἐπαντέλλειν
1202 898 1302 981 νόσῳ·

555 1008 651 1080 ἄλλας
672 1008 698 1069 τ’
722 1009 819 1090 ἔφηνε
842 1004 1024 1090 προσβολὰς
1042 1003 1197 1088 Ἐρινύων

555 1118 591 1180 ἐκ
614 1119 678 1179 τῶν
701 1114 862 1197 πατρῴων
885 1111 1029 1196 αἱμάτων
1051 1113 1247 1195 τελουμένας,

556 1224 681 1306 ὁρῶντα
704 1219 854 1304 λαμπρὸν
877 1221 911 1284 ἒν
934 1220 1040 1302 σκότῳ
1062 1220 1210 1302 νωμῶντ’
1233 1220 1346 1304 ὀφρύν.
1512 1223 1576 1286 285

555 1329 591 1394 τὸ
615 1329 676 1412 γὰρ
700 1327 859 1393 σκοτεινὸν
881 1333 945 1392 τῶν
968 1328 1139 1410 ἐνερτέρων
1161 1327 1254 1409 βέλος

558 1439 593 1501 ἐκ
617 1436 863 1520 προστροπαίων
886 1435 920 1498 ἒν
943 1417 1023 1517 γένει
1045 1434 1270 1508 πεπτωκότων,

556 1544 610 1608 καὶ
633 1543 731 1607 λύσσα
754 1543 808 1606 καλ
829 1543 962 1625 μάταιος
984 1543 1020 1606 ἐκ
1044 1547 1168 1606 νυκτῶν
1191 1541 1296 1625 φόβος

260 1747 264 1753 “
353 1742 443 1812 φόρου
458 1740 516 1809 jam
527 1739 651 1806 Ahrens).
674 1737 838 1809 δυσφρόνων
855 1740 1002 1809 μηνίματα
1018 1737 1023 1805 Ι
1038 1742 1149 1807 βροτοῖς
1166 1741 1324 1809 πίφαυσκεν
1342 1740 1471 1818 ἐμβαλεῖν
1490 1738 1592 1800 δεινάς-

353 1830 451 1890 νόσους
466 1828 567 1897 Μϊὼλγ.
604 1830 661 1882 Aut
683 1828 777 1887 ἀστοῖς
795 1827 962 1897 πιφαύσκων
980 1827 1027 1880 ant
1045 1831 1103 1887 τοῖς
1123 1825 1177 1899 μὲν
1198 1827 1252 1898 γάρ
1274 1828 1304 1881 ἐκ
1326 1837 1387 1897 γῆς,
1414 1829 1455 1900 μὴ
1480 1827 1579 1895 ’κδική-

354 1933 435 1973 σασιν
458 1918 675 1990 φόνον,1’λιμὸν
698 1919 825 1977 πολίταις
847 1914 919 1984 εἶπε,
948 1916 996 1976 τὰς
1014 1915 1044 1968 δὲ
1063 1947 1096 1955 -
1116 1915 1285 1972 scholiestsm
1308 1918 1406 1987 legisse
1429 1919 1506 1987 putet
1523 1917 1579 1972 Pal.

353 2010 393 2064 De
412 2023 493 2063 sensu
511 2024 605 2077 pamm
623 2006 714 2076 liquet.
1452 2011 1456 2018 '

426 2098 485 2152 279.
504 2101 613 2168 βροτοῖς
631 2096 797 2166 πιφαύσκων
815 2110 878 2149 mss.
901 2099 1010 2165 βροτοῖς
1029 2096 1200 2164 πιφαύσκειν
1217 2094 1316 2165 Musgr.
1338 2105 1424 2167 τορῶς
1442 2127 1477 2136 -
1496 2097 1525 2150 F.
1535 2098 1580 2151 W.

355 2187 481 2244 Schmidt.
511 2188 604 2246 ἀστοῖς
623 2216 657 2225 -
675 2183 819 2239 Rossbach.
842 2189 966 2255 βροτοῖσι
998 2185 1112 2254 φάσκων
1145 2183 1212 2253 conj.
1232 2184 1317 2238 Blom.
1390 2185 1438 2246 τάς
1466 2185 1496 2240 δὲ
1523 2189 1582 2260 νῷν

355 2279 421 2345 (νων
437 2276 486 2347 Μ.)
504 2277 603 2336 νόσους
621 2290 685 2329 11188.
704 2274 866 2342 βλαστάνειν
884 2272 949 2328 Cen.
962 2273 1064 2328 Weckl.
1084 2273 1161 2326 τάσδ’
1181 2277 1265 2326 αίνων
1282 2275 1382 2335 νόσους
1401 2275 1491 2329 Herm.
1509 2275 1581 2345 Sidg.

355 2370 495 2438 γαστέρων
520 2366 620 2424 νόσους
646 2373 756 2436 σαρκων
769 2362 800 2415 τ’
819 2363 919 2432 Musgr.
947 2364 1118 2433 πιφαύσκειν
1144 2363 1259 2435 ἑρπετάς
1286 2364 1464 2436 [ἑρπετούςῗ]
1492 2365 1582 2426 δεινάς

354 2457 454 2516 νόσους
471 2454 552 2510 Weil.

427 2544 487 2600 280.
507 2545 705 2616 ἐπαμβατῆρας
723 2558 787 2596 mss.
807 2544 999 2615 ἐπεμβατῆρας
1017 2546 1082 2596 Aur.
1102 2543 1175 2612 prob.
1195 2542 1281 2597 Blom.
1300 2543 1404 2598 Butler.

427 2633 487 2688 281.
507 2636 617 2703 λιχῆνας
635 2649 698 2687 11188.
719 2635 842 2702 λειχῆνας
860 2632 946 2686 Β10111.
965 2632 1046 2685 Dind.
1066 2632 1170 2686 Weckl.
1191 2632 1305 2685 ἅπασαν
1323 2633 1488 2688 Heimsceth.

428 2724 488 2778 282.
508 2722 564 2795 τῇδ’
584 2724 742 2777 ἐπαντέλλει
760 2722 797 2776 Μ.
816 2722 873 2794 τῇδ’
893 2724 1068 2775 ἐπαντέλλειν
1086 2722 1175 2790 Etym.
1194 2722 1231 2776 M.
1250 2740 1275 2792 p.
1295 2723 1357 2792 530,
1376 2725 1419 2778 51.
1438 2723 1500 2796 τῇδε
1518 2727 1582 2791 βλα-

356 2815 465 2866 στάνειν
496 2813 598 2867 frustra
629 2812 785 2882 Conington.
816 2811 889 2882 Lege
921 2811 977 2884 τῇδ’
1010 2812 1175 2865 ἐπαντελεῖν.
1218 2810 1257 2867 cf.
1285 2811 1357 2881 Sept.
1386 2814 1446 2868 535.
1478 2814 1584 2883 ταρφὺς

357 2904 523 2956 ἀντέλλουσα
550 2901 620 2973 θρίξ.
656 2902 696 2955 “I.
716 2917 739 2956 e.
767 2900 876 2955 morbo
904 2917 1006 2970 usque
1034 2902 1072 2955 cd
1100 2903 1307 2956 senectutem
1335 2903 1488 2956 vexatum
1515 2901 1582 2956 iri.’'

357 2992 461 3061 (chr.)

428 3080 488 3134 283.
509 3079 531 3133 τ’
551 3096 614 3134 mss.
643 3080 668 3133 δ’
687 3079 779 3134 Ε111181.
803 3079 863 3134 Seh.
892 3080 931 3148 (et
957 3079 1040 3133 τάσδε
1067 3083 1125 3152 νῷν
1148 3080 1229 3149 me).
1300 3099 1330 3134 τε
1358 3086 1448 3151 φωνεῖ
1468 3095 1531 3135 mss.
1559 3081 1582 3133 τ’

357 3171 458 3241 ἐφώνει
476 3172 541 3223 Aur.
561 3168 642 3224 Stenl.
662 3169 758 3224 Heeth.
778 3168 837 3222 Seh.
859 3167 945 3223 Blom.
969 3171 1018 3223 etc.
1047 3187 1075 3223 τε
1094 3174 1198 3239 φωνεῖν
1216 3169 1298 3224 Dobr.
1318 3169 1394 3239 Oen,
1412 3171 1444 3224 ut
1461 3170 1494 3223 'de
1512 3171 1583 3239 Aga-

357 3275 498 3314 memnone
517 3260 616 3328 agctur.
637 3258 659 3311 τ’
678 3260 809 3329 ἐφέρπειν
828 3258 991 3312 Heimsceth.
1020 3277 1049 3311 τε
1067 3268 1170 3328 φοιτᾶν
1188 3258 1268 3313 Weil.
1300 3259 1350 3326 Qu.
1370 3258 1392 3311 τ’
1412 3259 1515 3330 ἔφασκε
1537 3261 1585 3314 aut

357 3347 380 3401 τ’
400 3349 496 3419 ἔφαινε
515 3347 555 3418 (F.
570 3347 613 3401 W.
633 3347 778 3418 Schmidt),
798 3349 844 3401 eut
864 3348 951 3417 potius
970 3346 993 3400 τ’
1013 3348 1096 3418 ἔφηνε
1116 3346 1186 3417 (coll.
1206 3347 1266 3403 279.
1287 3347 1365 3417 εἶπε).

430 3438 490 3492 284.
509 3438 538 3490 ἐκ
557 3442 773 3509 προστροπαίων
792 3439 918 3510 αἱμάτων
936 3436 1051 3506 (secluso
1069 3454 1094 3491 v.
1109 3436 1181 3506 287.)
1200 3437 1281 3491 Keck.
1294 3437 1399 3491 Weckl.
1436 3437 1501 3492 Post
1517 3439 1543 3491 h.
1556 3455 1583 3492 v.

359 3527 490 3583 excidisse
512 3527 640 3583 nonnulla
662 3527 814 3596 suspicatur
837 3527 927 3582 Herm.
948 3527 1087 3582 chraens
1110 3527 1217 3596 supplet
1237 3537 1352 3580 τοιαῦτα
1376 3530 1501 3599 πέμψειν
1524 3526 1583 3582 εἶπε

358 3619 407 3670 τὸν
424 3617 493 3671 κατά
507 3618 614 3687 χθονὸς
632 3647 679 3670 -.

430 3706 490 3762 285.
510 3709 616 3778 ὁρωντα
635 3706 766 3779 λαμπρόν
784 3705 846 3779 (μ’)
866 3706 934 3775 conj.
954 3706 1040 3760 Blom.
1077 3706 1157 3760 Hunc
1175 3724 1202 3761 v.
1221 3708 1281 3775 post
1293 3706 1355 3767 288.
1373 3706 1586 3776 transposuerint

358 3796 443 3851 Blom.
472 3797 501 3850 et
526 3796 665 3865 Bamberg.
694 3798 754 3865 post
772 3796 832 3850 276.
851 3795 998 3850 Wecklein.
1042 3795 1169 3850 “Excidit
1189 3811 1299 3866 versus,
1327 3805 1441 3849 τοιαῦτα
1460 3799 1586 3868 πέμψειν

358 3885 419 3940 είπε
442 3886 491 3938 τὸν
517 3885 585 3938 κατὰ
608 3885 721 3954 χθονός.
748 3885 885 3941 demum
907 3885 974 3940 haec
993 3884 1174 3954 (278-286.)
1195 3885 1320 3940 universe
1338 3886 1372 3940 de
1390 3886 1485 3956 quovis
1503 3885 1585 3955 patris

359 3975 467 4029 eaedem
486 3973 644 4043 ulciscente,
667 3991 721 4028 non
744 3976 776 4028 dc
800 3974 894 4029 Oreste
917 3973 1000 4029 sclo.'’
1024 3975 1133 4045 (chr.)
1170 3975 1288 4030 Ante-h.
1301 3993 1328 4030 v.
1355 3975 1509 4044 hujusmodi
1536 3975 1585 4029 ali-

359 4064 423 4135 quid
449 4063 615 4118 intercidisse
638 4065 715 4132 putet
731 4064 882 4133 Demessus,
912 4074 1027 4117 τοιαῦτα
1059 4068 1184 4136 πέμψειν
1216 4064 1276 4118 εἶπε
1309 4066 1357 4117 τὸν
1383 4064 1453 4118 κατὰ
1471 4065 1584 4134 χθονὸς.

358 4153 450 4208 Trium
476 4169 605 4208 versuum
632 4151 755 4207 lacunam
781 4153 856 4206 notui
873 4152 952 4207 Weil.
1016 4154 1156 4225 λαμπρὸν]
1179 4155 1312 4226 λαμπρὰν
1334 4155 1409 4209 Hert.
1446 4154 1495 4220 Qu.
1515 4156 1585 4226 λαμ-

360 4244 435 4314 πράν
453 4241 484 4296 τ’.
557 4244 647 4312 ὀφρῦν
666 4241 702 4296 Μ.

431 4331 491 4386 287.
511 4331 636 4402 Spurium
654 4331 735 4386 hebet
753 4330 856 4385 Weckl.
889 4332 1010 4386 (18284.
1065 4332 1100 4384 έν
1118 4334 1191 4402 γένει
1218 4348 1282 4386 mss.
1314 4332 1364 4399 Qu.
1388 4333 1514 4401 ἐγγενῶν.
1546 4332 1585 4387 Gi.

359 4419 451 4491 Suppl.
471 4421 531 4476 983.
552 4422 620 4492 πρὸς
639 4421 703 4481 τοὺς
720 4421 840 4490 ἐγγενεῖς
858 4421 903 4490 (ἐν
921 4421 1028 4489 γένειῖ)
1047 4423 1152 4491 φίλους.
1191 4423 1247 4475 Aut
1264 4423 1294 4474 ἐν
1312 4427 1420 4492 φοναῖς.

430 4509 491 4563 288.
511 4510 615 4563 λύσσαν
633 4529 661 4563 τε
680 4511 727 4562 καλ
743 4510 867 4583 μάταιον
885 4511 914 4563 ἐκ
932 4519 1039 4563 νυκτῶν
1057 4511 1145 4581 φόβον
1161 4513 1166 4581 Ι
1180 4516 1274 4577 κινεῖν,
1294 4511 1441 4582 ταράσσειν
1460 4509 1540 4565 Weil.
