3550 5304
573 411 605 455 111
629 411 817 455 ouorruouos
841 413 871 456 v.
896 395 1046 454 45-61,
1358 393 1419 456 101

265 568 407 638 περαῖνον]
427 567 618 621 Penotrana
649 566 670 621 Ι.
685 584 709 636 q.
730 577 828 638 περῶν.
865 567 1080 634 Intransitivum,
1100 570 1131 621 ut
1149 568 1176 620 in
1189 569 1264 622 Pind.
1278 568 1307 622 P.
1324 570 1364 636 10,
1377 568 1420 623 28.

194 660 318 727 περαίνει
338 656 407 727 πρὸς
425 657 543 725 ἔσχατον
562 657 657 710 πλόον.
677 655 804 725 (Weckl.)
836 656 874 711 Of.
894 657 954 710 451.

265 746 307 800 56.
327 750 455 815 φοβεῖται
475 744 507 798 δέ
523 746 574 815 τις]
598 746 660 800 For
679 761 779 814 every
797 762 856 800 one
874 745 902 799 is
921 745 951 798 in
970 762 986 800 a
1004 747 1089 800 state
1108 747 1141 800 of
1159 747 1229 800 lear
1247 747 1291 816 (on
1310 749 1422 802 account

193 835 222 888 of
239 834 285 888 the
309 835 416 888 murder
443 835 472 888 of
494 835 539 888 the
563 834 626 903 king
650 835 702 888 and
725 835 770 889 the
788 833 924 889 unsettled
947 837 1016 888 state
1035 835 1126 889 ottho
1145 834 1234 904 publio
1253 837 1346 904 mind).
1379 836 1419 891 Cf.

194 924 242 992 Ag.
262 923 323 978 590.
352 929 400 975 καί
425 928 465 984 τίς
491 923 523 995 μ’
548 925 666 976 ἐνίπτων
684 923 751 976 εἶπε.
781 924 857 977 llum.
879 924 939 978 756.
963 929 1012 976 κατ’
1033 943 1073 984 τις
1093 923 1226 990 Ἑλλήνων
1244 926 1306 996 έρεῑ.
1346 927 1420 979 “The

194 1013 280 1082 φόβος
307 1013 336 1066 of
351 1029 367 1067 a
385 1013 476 1080 tyrant
502 1013 550 1066 has
578 1013 741 1082 superseded
764 1012 809 1066 the
833 1017 914 1080 σέβας
937 1013 1143 1084 (reverenoe,
1166 1014 1183 1067 i.
1204 1031 1227 1083 q.
1248 1014 1340 1084 αἰδὼς)
1360 1015 1421 1084 paid

194 1104 220 1155 to
239 1118 255 1155 a
272 1100 364 1155 lawful
381 1101 469 1170 king.”
489 1101 567 1171 (Pal.)

264 1192 318 1260 τις]
341 1191 585 1260 Unusquisque.
623 1191 723 1244 Gallico
747 1207 792 1245 on.
823 1193 845 1246 Ι.
865 1207 889 1259 q.
914 1200 969 1251 πῶς
991 1211 1038 1251 τις.
1071 1191 1109 1245 of.
1128 1193 1206 1246 Eum.
1226 1194 1286 1248 506.
1309 1195 1421 1264 τλάμων

195 1279 228 1333 δέ
243 1300 282 1340 τις
300 1281 395 1352 μάταν
414 1285 577 1352 παρηγορεῖ.
597 1281 657 1335 545.
677 1279 757 1348 Soph.
772 1280 813 1348 Aj.
827 1279 887 1334 245.
908 1279 966 1353 ὥρα
985 1279 1035 1332 τιν’
1056 1279 1107 1348 ἤδη
1122 1312 1154 1319 -
1168 1282 1276 1334 κλοπάν
1295 1283 1419 1352 ἀρέσθαι.

264 1370 295 1421 τὸ
315 1369 339 1422 δ’
358 1371 481 1439 εὐτυχεῖν
501 1371 547 1438 -]
567 1370 588 1423 Ι.
608 1386 630 1423 e.
654 1370 685 1420 τὸ
705 1370 757 1440 γὰρ
776 1371 906 1438 εὐτυχεῖν.
943 1369 1005 1422 Res
1028 1369 1112 1423 onim
1130 1386 1306 1439 prosperae
1326 1372 1420 1440 (opes),

194 1458 286 1528 quales
305 1475 392 1527 nuper
410 1459 480 1528 rogis
504 1460 587 1512 orant.
620 1457 658 1512 Cf.
678 1458 741 1512 Eur.
761 1457 800 1511 El.
820 1458 880 1512 994.
904 1463 998 1529 χαῖρε,
1027 1459 1122 1526 σεβίζω
1150 1458 1174 1511 σ’
1195 1463 1241 1511 ἴσα
1264 1463 1311 1512 καὶ
1328 1462 1419 1532 μάκα-

194 1568 242 1618 ρας
258 1548 261 1615 Ι
278 1549 402 1600 πλούτου
420 1549 542 1619 μεγάλης
560 1546 583 1600 τ’
603 1546 789 1618 εὐδαιμονίας.
825 1547 900 1601 Haeo
918 1547 952 1602 ad
965 1547 1203 1615 Clytaemnestram
1222 1549 1249 1602 et
1261 1549 1418 1617 Aegisthum

194 1638 323 1706 spectant.
359 1637 403 1690 Ad
429 1637 588 1691 sententiam
616 1637 649 1690 of.
672 1637 735 1690 Eur.
755 1636 827 1704 Cyol.
847 1637 907 1691 316.
937 1638 952 1687 ὁ
979 1638 1111 1700 πλοῦτος,
1141 1638 1330 1708 ἀνθρωπίσκε,
1363 1643 1421 1698 τοῖς

194 1731 293 1797 σοφοῖς
312 1725 466 1797 (βροτοῖςθ)
486 1726 557 1786 θεός.

265 1815 307 1870 60.
327 1814 384 1866 τύδ’
403 1815 433 1867 ἐν
451 1819 560 1885 βροτοῖς
578 1815 643 1874 θεός
660 1833 688 1868 τε
709 1815 757 1884 -]
782 1813 820 1868 Of.
840 1814 903 1868 Eur.
923 1814 984 1868 Hel.
1004 1815 1064 1870 560.
1085 1813 1106 1867 ὦ
1125 1819 1201 1868 θεοί·
1221 1816 1286 1876 θεὸς
1302 1815 1357 1890 γάρ
1374 1818 1420 1868 καὶ

195 1905 229 1957 τό
243 1905 406 1974 γιγνώσκειν
424 1905 529 1974 φίλους.

265 1993 298 2047 61
310 2009 350 2062 sq.
370 1992 457 2048 Sohol.
477 1995 493 2058 η
513 2001 559 2060 τῆς
577 1996 660 2060 Δίκης
679 1993 752 2064 ῥοπὴ
771 1993 835 2053 τούς
852 1993 907 2067 μὲν
926 1993 1075 2046 ἐπισκοπεῖ
1091 1997 1192 2064 ταχέως
1210 1997 1256 2046 καὶ
1276 1994 1417 2065 ἀμύνεται,

194 2084 285 2142 ἀλλοις
304 2082 333 2135 δὲ
352 2083 382 2134 έν
401 2083 547 2155 ἀμφιβόλῳ
566 2083 598 2150 ἐᾷ
617 2083 666 2148 τὴν
684 2086 828 2153 τιμωρίαν,
849 2077 900 2134 ούκ
920 2083 1028 2153 ἀθρόως
1041 2084 1141 2143 αὐτοὺς
1154 2084 1330 2155 ἀμυνομένη,
1351 2083 1420 2138 ὥστε

194 2172 257 2231 τοὺς
276 2170 458 2242 ἠδικημένους
482 2171 528 2224 ὑπ’
549 2173 640 2223 αὐτῶν
663 2174 814 2224 λυπεῖσθαι
837 2172 882 2241 (of.
902 2173 970 2242 40.)‚
994 2175 1092 2232 ίίλλους
1115 2171 1144 2225 δὲ
1164 2173 1261 2233 σκότος
1279 2156 1418 2239 καλύπτει,

195 2263 229 2320 ὡς
250 2260 322 2333 μηδὲ
347 2262 468 2333 ὁρᾶσθαι
487 2259 533 2312 ὑπ’
555 2262 643 2328 αὐτῆς.
676 2259 715 2315 Of.
736 2261 872 2315 Plutarch.
892 2261 958 2316 Mor.
982 2262 1035 2316 564
1047 2261 1076 2315 Ε.
1110 2263 1145 2321 ὡς
1170 2260 1330 2333 Ἀδράστεια
1357 2263 1418 2335 μὲν,

191 2348 322 2420 Ἀνάγκης
340 2353 386 2402 καὶ
404 2350 471 2410 Διὸς
490 2346 626 2421 θυγάτηρ,
652 2351 699 2402 ἐπὶ
722 2359 792 2402 πᾶσι
811 2351 930 2422 τιμωρός
953 2347 1081 2403 ἀνωτάτω
1101 2354 1227 2403 τέτακται
1250 2357 1308 2411 τοῖς
1327 2352 1419 2419 ἀδική-

193 2454 276 2512 μασι·
296 2442 415 2491 καὶτῶν
434 2449 564 2510 πονηρῶν
583 2441 644 2492 ούτε
663 2442 751 2511 μέγας
770 2438 860 2499 οὐδεὶς
883 2440 968 2500 οὕτως
987 2443 1049 2493 ούτε
1067 2441 1165 2512 μικρὸς
1188 2443 1302 2509 γέγονεν
1320 2440 1382 2493 ὥστ’
1402 2446 1418 2507 ἢ

194 2528 289 2581 λαθὼν
307 2528 456 2598 διαφυγεῖν
474 2532 489 2594 ἢ
509 2525 684 2600 βιασάμενος.
713 2530 778 2595 άλλη
803 2528 827 2581 δ’
847 2531 913 2601 άλλη
941 2534 1060 2602 τιμωρία
1088 2540 1171 2600 τριῶν
1199 2531 1290 2582 οὐσῶν
1318 2532 1420 2601 φύλακι

193 2621 239 2670 καὶ
252 2619 409 2692 χειρουργῷ
435 2619 580 2690 προσήκει·
610 2619 673 2678 τοὺς
699 2618 754 2689 μὲν
781 2619 833 2689 γάρ
856 2619 939 2679 εὐθὺς
962 2620 1121 2690 ἐνσώματι
1144 2621 1190 2671 καὶ
1214 2618 1259 2671 διά
1284 2617 1420 2691 σωμάτων

193 2707 394 2780 κολαζομένους
421 2707 636 2778 μεταχειρίζεται
665 2708 754 2773 Ποινὴ
782 2713 890 2777 ταχεῖα,
906 2704 998 2779 ’πράῳ
1025 2711 1080 2760 τινὶ
1102 2709 1196 2778 τρόπῳ
1218 2711 1265 2760 καὶ
1288 2711 1419 2779 παραλεί-

194 2817 276 2850 ποντι
294 2797 383 2852 πολλά
407 2806 461 2848 τῶν
483 2801 636 2868 καθαρμοῦ
655 2797 805 2868 δεομένων·
830 2791 869 2849 ὧν
892 2796 920 2850 δὲ
939 2797 1034 2870 μεῖζόν
1057 2798 1129 2850 ἔστιν
1152 2797 1234 2868 ἔργον
1252 2799 1268 2863 η
1288 2801 1352 2868 περὶ
1370 2799 1420 2864 τὴν

193 2897 284 2938 κακῶν
303 2886 346 2956 (Ι)
366 2890 483 2957 ἰατρεία,
512 2887 627 2946 τούτους
649 2890 718 2959 Δίκη
745 2886 817 2958 μετὰ
840 2888 890 2952 τὴν
913 2887 1039 2952 τελευτὴν
1062 2886 1207 2958 ὁδαίμων
1230 2886 1417 2957 παραδίδωσι·

194 2976 257 3036 τοὺς
275 2975 304 3028 δὲ
324 2972 447 3048 πάμπαν
466 2971 594 3035 ἀνιάτους
617 2976 803 3048 ἀπωσαμένης
825 2984 871 3041 τῆς
889 2980 972 3043 Δίκης
992 2978 1007 3041 ἦ
1027 2981 1102 3048 τρίτη
1125 2979 1171 3029 καὶ
1193 2973 1346 3047 ἀγριωτάτη
1365 2986 1419 3028 τῶν

191 3063 365 3135 Ἀδραστείας
393 3066 543 3135 ὑπουργῶν
566 3064 684 3136 Ἐρινὺς,
712 3068 890 3138 μεταθέουσα
914 3067 1111 3137 πλανωμένους
1133 3069 1180 3118 καὶ
1199 3067 1419 3136 περιφεύγοντας

194 3156 276 3207 ἀλλον
294 3156 391 3218 άλλως,
416 3157 527 3224 οἰκτρῶς
549 3172 577 3207 τε
596 3156 642 3206 καὶ
660 3156 789 3223 χαλεπῶς
812 3154 937 3214 ἅπαντας
960 3151 1079 3224 ἠφάνισε
1102 3157 1148 3206 καὶ
1166 3155 1314 3208 κατέδυσεν
1333 3159 1369 3215 είς
1387 3155 1419 3206 τὸ

194 3246 312 3316 ἀρρηιον
330 3247 376 3296 καὶ
395 3244 521 3313 ἀόρατον.
559 3243 653 3312 Itaque
671 3245 727 3296 tres
746 3245 832 3297 status
851 3244 907 3296 sive
927 3244 1028 3312 perlodi
1047 3246 1243 3312 memorantur,
1263 3244 1318 3298 vita
1337 3245 1417 3310 (βίος,

193 3334 223 3385 ἐν
240 3329 330 3403 φάει),
360 3333 595 3402 purgatorium,
624 3332 772 3402 gehenna
799 3333 856 3386 sive
879 3348 964 3387 mors
987 3335 1122 3387 aeterna
1146 3334 1266 3402 (αἰώνιος
1286 3330 1417 3397 θάνατος,

193 3422 275 3476 sohol.
295 3423 328 3476 ad
347 3423 409 3490 63.).
449 3421 569 3475 “Sensus
597 3421 676 3490 hujus
703 3421 755 3476 looi
773 3422 816 3475 hio
836 3424 887 3476 est:
916 3421 989 3476 Ultio
1013 3423 1103 3476 diviua
1124 3422 1210 3476 serius
1229 3421 1307 3475 eitius
1326 3437 1418 3475 omnes

194 3510 320 3566 scelestos
347 3511 468 3580 corripit3
497 3510 563 3564 alios
582 3510 714 3579 celeriter,
743 3513 807 3564 dum
826 3511 882 3564 dies
902 3511 989 3565 adhue
1006 3510 1091 3578 luoet3
1120 3511 1184 3564 alios
1212 3513 1302 3566 autem
1329 3511 1417 3579 paullo

193 3601 291 3668 serius7
310 3601 380 3655 oiroa
399 3600 599 3669 crepusculum
619 3599 684 3654 elios
703 3616 767 3654 vero
786 3598 830 3654 vel
848 3601 935 3654 medie
953 3600 1054 3654 noete.'’
1075 3600 1182 3669 (Blom.)

263 3691 305 3744 61.
325 3690 400 3765 ῥοπά
414 3689 438 3742 δ’
452 3690 600 3742 ἐπισκοπεῖ
608 3690 704 3759 Δίκας]
717 3689 780 3743 The
793 3691 903 3743 stroke
923 3691 955 3744 of
972 3689 989 3743 J
994 3690 1101 3744 ustioe
1111 3692 1161 3742 eto.
1181 3689 1288 3743 Poetioo
1301 3690 1418 3758 positum

193 3794 239 3848 pro
258 3783 328 3846 Δίκη
347 3779 376 3832 δὲ
396 3781 520 3852 ῥέπουσα
538 3780 695 3832 ἐπισκοπεῖ.
732 3778 819 3833 Sohol.
844 3781 859 3846 ἡ
884 3778 913 3832 δὲ
932 3788 978 3846 τῆς
997 3783 1081 3845 Δίκης
1103 3779 1176 3850 ῥοπὴ
1199 3780 1262 3839 τοὺς
1284 3779 1338 3850 μὲν
1357 3779 1417 3831 έπι-
1451 3847 1452 3852 ¹

193 3874 293 3921 σκοπεῖ
309 3873 410 3937 ταχέως
433 3871 480 3920 καὶ
503 3869 649 3939 (ἀμύνεται,
670 3871 719 3922 eto.
753 3867 984 3937 0181111111402.
1010 3869 1186 3940 (ἀμφοτέρους
1209 3869 1340 3943 ὁμαίμων
1359 3868 1418 3920 τάδ
1442 3851 1445 3856 ’

192 3958 342 4010 ἐπισκοπεῖ
353 3958 421 4018 Ζεὺς
440 3958 625 4028 ἑτερορρεπής.
644 3957 707 4010 Eur.
723 3957 803 4025 Hipp.
819 3959 895 4010 1171.
915 3961 955 4031 τῷ
974 3958 1067 4029 τρόπῳ
1080 3962 1163 4023 Δίκης
1180 3957 1183 4024 Ι
1201 3957 1315 4010 ἔπαισεν
1334 3958 1418 4009 αὐτὸν

169 4047 315 4119 ’ῥόπτρον
334 4045 489 4116 αἰσχύνανδ
508 4047 573 4118 έμέ,·
590 4046 718 4115 Bacchyl.
737 4047 838 4114 Epinio.
857 4046 938 4116 4,12.
959 4047 1045 4117 ὀρθὸν
1064 4047 1197 4115 ἀνέχοντα
1216 4051 1301 4107 Δίκας
1318 4048 1417 4098 τάλαν-

192 4155 249 4188 τον.
280 4136 436 4205 Metaphora
454 4153 470 4190 a
489 4136 588 4190 trutina
611 4137 725 4204 sumpta.
754 4136 791 4190 of.
811 4136 924 4205 Theogn.
944 4136 1003 4190 203.
1033 4138 1115 4188 ἀλλον
1144 4134 1168 4188 δ’
1193 4130 1229 4188 αὖ
1257 4139 1417 4208 κατέμαρψε

193 4223 267 4291 δίκη·
286 4226 408 4285 θάνατος
426 4226 479 4296 γὰρ
499 4224 612 4292 ἀναιδὴς
628 4227 632 4295 l
648 4225 773 4295 πρόσθεν
791 4225 838 4277 ἐπὶ
855 4226 1002 4297 βλεφάροις
1021 4224 1093 4284 ἕζετο
1112 4229 1282 4294 κῆραφέρων.

264 4315 293 4366 έν
319 4319 478 4386 μεταιχμίῳ
497 4315 610 4383 σκότου]
639 4313 702 4368 Sub.
722 4317 769 4366 καὶ
787 4311 885 4384 φάους.
922 4315 943 4368 Ι.
963 4330 986 4366 e.
1011 4314 1043 4366 in
1061 4313 1264 4381 crepusculo.
1287 4313 1365 4381 Angl.
1386 4315 1418 4368 at

192 4401 340 4472 twilight.
374 4403 413 4458 Ct.
433 4403 530 4456 Incert.
558 4403 611 4472 ἐγὼ
640 4402 669 4456 δὲ
697 4404 802 4455 τούτων
830 4401 922 4474 ὥσπερ
946 4403 975 4454 έν
997 4407 1154 4474 μεταιχμίῳ
1170 4403 1174 4470 Ι
1191 4401 1254 4472 ὅρος
1276 4406 1416 4469 κατέστην.

192 4491 273 4544 Arist.
293 4492 359 4545 th.
379 4493 440 4546 434.
458 4492 562 4564 μεταξὺ
581 4502 635 4543 τῶν
650 4491 734 4552 Ἰνοῦς
753 4492 872 4564 (ῥακῶν).
897 4495 946 4546 Ar.
968 4492 1026 4545 187.
1050 4492 1080 4546 έν
1101 4494 1179 4562 μέσῳ
1203 4489 1347 4557 δήπουθεν
1365 4492 1416 4562 ἀήρ
