3530 5314
319 1164 724 1270 ΑΙΣΧΥΛΟΥ
783 1163 1205 1263 ΧΟΗΦΟΡΟΙ.

317 1538 393 1621 ΤΑ
434 1539 544 1621 ΤΟΥ
582 1537 884 1623 ΔΡΑΜΑΤΟΣ
919 1537 1225 1623 ΠΡΟΣΩΠΑ.ι

421 1688 605 1739 ΟΡΕΣΤΗΣ.
857 1688 1036 1738 ΟΙΚΕΤΗΣ.

419 1779 618 1827 ΠΥΛΑΔΗΣ.
856 1778 1210 1828 ΚΛΥΤΛῘΜΝΗΣΤΡΛ.

417 1866 549 1916 ΧΟΡΟΣ,
858 1868 1017 1918 ΤΡΟΦΟΣ.

414 1955 606 2005 ΗΛΕΚΤΡΑ.
852 1957 1042 2007 ΑΙΓΙΣΘΟΣ.

654 2105 870 2215 ornarem.

348 2293 453 2378 Ἑρμῆ
475 2293 585 2378 χθόνιε
607 2293 730 2377 πατρῷ’
754 2294 939 2358 ἐποπτεύων
961 2295 1071 2377 κράτη,

353 2402 460 2485 σωτὴρ
485 2407 577 2484 γενοῦ
599 2426 656 2484 μοι
680 2402 848 2485 ξύμμαχός
870 2401 896 2464 τ’
919 2403 1110 2484 αἰτουμένῳ·

352 2510 423 2591 ἥκω
448 2508 508 2591 γὰρ
532 2509 564 2578 ἒς
588 2515 646 2591 γῆν
668 2509 760 2592 τήνδε
783 2508 837 2572 καὶ
859 2510 1060 2592 κατέρχομαι,

351 2616 473 2698 τύμβου
498 2614 527 2678 d'
552 2615 600 2678 ἐπ’
625 2616 719 2698 ὄχθῳ
741 2616 824 2698 τῷδε
847 2615 999 2699 κηρύσσω
1022 2615 1116 2699 πατρὶ
1206 2684 1216 2701 ,

226 2798 253 2844 Χ
258 2794 433 2845 ΟΗΦΟΡΟΙ.
471 2789 571 2846 Confer
588 2791 672 2844 nostri
684 2791 791 2845 fabulae
801 2790 912 2844 ,titulum
927 2786 1097 2862 Ὕδροηόροι
1116 2793 1235 2864 (Σεμέλη
1254 2796 1270 2858 ἢ
1287 2792 1374 2862 Ὕδρ.)

147 2884 174 2934 et
193 2881 297 2935 fabulae
322 2880 484 2950 Sophocleae
504 2879 616 2934 'titulum
639 2881 823 2951 Ecnqudpcr.
861 2880 992 2934 Credibile
1017 2883 1059 2934 est
1077 2881 1273 2952 inscriptionem
1292 2880 1372 2950 hujus

147 2970 253 3024 fabulas
269 2969 406 3040 Ὀρέστης,
426 2971 544 3024 futuram
563 2971 660 3039 fuisse,
680 2969 732 3023 nisi
745 2969 902 3040 praecipuas
919 2969 963 3023 ille
976 2973 1067 3039 partes
1079 2970 1105 3024 in
1119 2971 1238 3040 proxime
1251 2971 1373 3041 sequenti

147 3058 239 3113 fabula
262 3061 413 3131 Εὐμενίσιν
440 3061 611 3114 sustenturus
639 3061 718 3113 esset
755 3058 834 3112 Unde
861 3059 962 3112 factum
994 3062 1036 3113 est
1062 3061 1093 3113 ut
1120 3061 1188 3114 duae
1215 3059 1373 3128 posteriores

147 3149 228 3218 hujus
246 3149 367 3219 trilogiac
386 3149 491 3203 fabulae
510 3149 601 3204 titulos
619 3149 666 3202 abs
685 3147 772 3202 Chore
791 3151 936 3202 sumerent.

220 3240 232 3290 1
248 3253 287 3307 sq.
307 3238 451 3293 Exordium
472 3238 552 3306 hujus
569 3236 676 3292 fabulae
695 3236 765 3291 nrala
787 3237 896 3290 fortuna
914 3237 998 3306 periit.
1037 3237 1128 3293 Codex
1147 3238 1218 3291 enim
1236 3237 1372 3293 Mediceus

147 3327 286 3381 mutilatus
314 3327 367 3379 fuit
394 3327 548 3396 priusquam
576 3327 658 3381 ceteri
685 3327 789 3380 codices
816 3327 861 3396 qui
890 3327 957 3380 hauc
984 3326 1102 3380 fabulam
1129 3328 1258 3381 exhibent
1279 3345 1313 3381 ex
1341 3345 1372 3382 eo

146 3416 314 3486 transscripti
332 3417 403 3468 sunt.
441 3415 551 3470 Codices
574 3416 624 3485 ipsi
643 3433 660 3470 a
677 3434 702 3469 v.
724 3416 765 3470 10.
794 3416 934 3484 incipiunt,
963 3416 1010 3469 sed
1038 3417 1187 3485 fragmenta
1213 3416 1275 3484 tria,
1304 3433 1372 3486 quac

147 3505 218 3558 haud
246 3504 325 3558 dubie
353 3505 386 3558 ad
414 3503 552 3572 prologum
579 3505 725 3574 pertinent,
758 3505 791 3558 ab
819 3505 930 3558 diversis
958 3505 1088 3574 fontibus,
1116 3507 1271 3574 recuperata
1298 3507 1370 3572 sunt,

147 3612 193 3647 vv.
214 3595 300 3648 1-5.
320 3593 353 3647 ab
371 3592 558 3666 Aristophanis
576 3593 911 3661 Ranisw.1126.1172.;
931 3612 974 3648 vv.
995 3595 1082 3649 6-7.
1106 3594 1153 3647 abs
1172 3594 1319 3648 Scholiasta
1339 3595 1372 3648 ad

69 3731 70 3748 η
146 3684 224 3737 Pind.
244 3682 274 3737 P.
294 3683 340 3736 IV.
362 3683 421 3737 146.
450 3683 506 3752 (ubi
534 3682 579 3737 ille
607 3699 653 3737 eos
681 3684 745 3738 citat
771 3683 868 3737 additis
891 3683 980 3737 verbis
1000 3682 1126 3754 Ὀρέστης
1149 3687 1218 3754 φησὶ
1237 3687 1275 3751 τῷ
1290 3682 1371 3752 Ἀγη-

144 3777 280 3845 μέμνονι,
309 3788 376 3841 quae
403 3773 436 3826 ad
464 3774 531 3826 hanc
559 3789 666 3827 scenam
694 3773 827 3840 pertinere
855 3789 935 3841 quam
958 3773 1074 3826 maxime
1097 3772 1231 3842 probabile
1253 3775 1317 3841 est);
1345 3775 1373 3825 et

146 3879 191 3916 vv.
209 3862 235 3917 8.
248 3863 273 3915 9.
292 3861 340 3915 abs
359 3861 507 3917 Scholiasta
525 3863 557 3914 ed
575 3862 638 3915 Eur.
656 3862 800 3931 merse,
825 3862 870 3931 qui
889 3878 934 3916 cos
953 3862 1051 3916 diserte
1070 3879 1105 3916 ex
1123 3863 1172 3916 hac
1190 3861 1282 3916 fabula
1300 3863 1370 3915 citat.

145 3951 218 4017 Quot
235 3966 331 4004 versus
350 3951 449 4004 exordii
467 3950 549 4023 hujus
568 3951 695 4019 perierint
713 3951 794 4004 statui
813 3967 865 4003 non
883 3965 962 4019 posse
980 3953 1090 4005 constat.
1227 3959 1228 3964 ’

217 4041 242 4093 3.
262 4039 327 4094 Post
349 4040 374 4092 h.
394 4058 420 4093 v.
449 4041 518 4110 πρὸς
548 4040 612 4100 τοὺς
644 4041 781 4100 παλαιοὺς
807 4039 906 4092 τούσδε
935 4040 1100 4092 Πελοπιδῶν
1132 4040 1237 4112 δόμους
1264 4038 1372 4109 supplet

144 4129 295 4183 Wecklein.

218 4220 243 4272 4.
262 4217 327 4271 uide
350 4236 381 4287 ys
404 4233 467 4272 mss,
499 4219 568 4291 τῷδε
597 4219 688 4273 Herm.
718 4218 798 4272 tonde
821 4219 924 4288 Naber‚
953 4218 1012 4272 coll.
1032 4218 1093 4274 200.
1122 4221 1235 4290 ἄγαλμα
1263 4219 1370 4289 τύμβου

144 4307 235 4361 τοῦδε.
308 4307 442 4378 κηρύσσω]
466 4307 581 4378 κήρυξον
603 4312 650 4362 aut
672 4310 815 4379 κηρύσσων
833 4307 971 4376 scripsisse
989 4307 1154 4376 Aeschylum
1178 4307 1301 4375 opinatur
1319 4307 1370 4360 Pa·

254 4504 280 4572 1)
298 4503 417 4558 Iudicem
436 4517 609 4572 personarum
628 4504 741 4557 coniecit
760 4504 898 4557 Gauianus.

1138 4595 1155 4656 l
