3550 5304
361 418 425 480 120
884 436 1111 482 commentus

430 594 632 664 ταυρούμενον]
650 592 844 647 Efferatum.
881 593 992 662 Proprie
1014 593 1047 646 in
1070 595 1198 647 taurum
1222 610 1355 648 versum
1379 595 1422 658 (ct.
1443 596 1588 666 ἐκδρακον-

359 687 457 744 τωθεὶς
485 683 555 736 inira
574 683 654 752 549.).
685 682 809 752 Anglice,
837 682 936 752 being
963 683 1143 738 maddened
1170 685 1428 753 (exasperated).
1463 685 1505 741 Of.
1524 686 1588 739 Eur.

359 773 430 827 Med.
448 773 492 827 91.
513 771 564 839 ἤδη
583 772 636 842 γάρ
654 771 729 826 eidos
747 775 828 845 ὄμμα
850 791 896 824 νιν
913 776 1114 843 ταυρουμενρν.
1140 773 1199 828 184.
1219 773 1336 834 τοκάδος
1355 772 1462 847 όίργμα
1481 777 1590 842 λεαίνης

359 863 569 934 ἀποταυροθται
588 861 703 935 όμωσίν.
723 861 803 916 Arist.
823 861 889 916 Rau.
908 863 969 918 816.
989 863 1103 930 ἔβλεψεν
1121 893 1155 901 -
1174 861 1318 932 ταυρρόόν.

432 952 492 1006 276.
511 953 544 1023 τῇ
561 953 628 1024 φίλῃ
648 952 722 1024 ψυχῇ
740 955 826 1004 τίσειν
844 951 889 1022 μ’]
912 951 991 1021 Angl.
1016 952 1105 1006 would
1128 968 1181 1022 pay
1205 952 1246 1006 ior
1263 951 1320 1021 (the
1339 953 1444 1023 neglect
1462 955 1501 1022 of)
1520 954 1589 1008 this

359 1041 438 1094 with
465 1057 518 1110 my
545 1057 614 1094 own
641 1042 719 1094 dear
740 1040 809 1094 life.
849 1040 917 1094 “Me
944 1058 1034 1110 vero,
1061 1042 1126 1096 nisi
1153 1041 1367 1112 obsequerer,
1394 1042 1454 1096 hac
1484 1044 1591 1098 anima

359 1147 428 1185 mea
445 1130 608 1185 luiturum
626 1145 699 1184 esse
718 1129 816 1198 dixit,
836 1130 938 1184 multa
956 1129 1124 1186 habentem
1136 1131 1221 1187 mala
1238 1131 1445 1200 injucunda”
1464 1127 1588 1203 (Butler).

430 1219 491 1274 277.
511 1219 666 1291 δυστερπῆ]
686 1219 707 1272 Ι.
726 1236 751 1288 q.
771 1217 899 1290 δυσφιλῆ.

431 1309 589 1365 278-296.
618 1308 713 1376 “Quae
735 1309 807 1363 enim
830 1326 866 1364 ex
889 1311 961 1365 terra
983 1310 1093 1364 oriunda
1115 1309 1267 1364 hominibus
1288 1310 1396 1365 morbos
1417 1311 1510 1365 levant
1531 1329 1589 1366 ma-

359 1400 458 1470 lignos,
477 1400 544 1454 haec
562 1399 638 1454 nobis
657 1401 749 1453 contra
766 1399 936 1454 denunciavit
953 1399 1060 1454 morbos
1078 1401 1137 1454 tore
1156 1400 1183 1469 (i.
1197 1417 1220 1453 e.
1240 1403 1364 1455 creatura
1382 1400 1466 1469 esse),
1490 1418 1590 1471 nempe

359 1490 478 1544 lichenes
497 1489 565 1543 eto.'’
585 1488 724 1557 (Scholef.)
760 1488 854 1542 'Potum
874 1489 946 1543 hunc
967 1490 1069 1556 locum,
1091 1493 1197 1559 praeter
1215 1489 1387 1559 parenthesin
1406 1490 1589 1561 (286-289.)

359 1581 562 1650 απιφαύσκων
580 1578 652 1643 εἶπε,
676 1595 727 1631 non
746 1577 900 1632 vaticinium
923 1579 956 1632 de
979 1578 1085 1647 Oreste,
1113 1580 1160 1633 sed
1187 1579 1400 1634 observationem
1427 1580 1457 1632 in
1479 1581 1590 1634 univer-

360 1685 421 1723 sum
440 1669 539 1724 dictum
562 1684 622 1722 esse
646 1669 722 1737 putat
740 1667 902 1738 Conington,
926 1669 997 1738 quod
1015 1670 1159 1723 ostendant
1180 1669 1304 1722 infinitivi
1322 1670 1503 1733 ἐπαντέλλειν,
1524 1668 1589 1723 ἀιό-

359 1764 472 1823 κεσθαι,
497 1760 629 1822 συλλύειν,
653 1759 792 1826 θνήσκειν,
816 1759 933 1829 quinon
952 1759 1034 1812 futuri
1054 1759 1102 1812 sed
1120 1760 1266 1826 praesentis
1285 1761 1356 1812 suut.
1393 1759 1591 1814 Describuntur

360 1851 450 1918 pestes
478 1848 612 1917 animique
640 1851 756 1902 terrores
784 1849 830 1918 qui
857 1850 885 1902 in
908 1864 953 1903 eos
981 1848 1103 1902 incidunt
1130 1848 1176 1918 qui
1205 1849 1287 1917 patris
1315 1847 1451 1902 interfecti
1479 1850 1590 1904 caedem

359 1956 413 1994 non
440 1937 615 1992 ulciscuntur.
652 1936 741 1992 Schol.
774 1938 837 1998 τοὺς
867 1939 922 2011 μὲν
949 1939 1002 2010 γάρ
1036 1940 1151 1998 πολίτας
1178 1937 1307 2010 λιμώξειν
1335 1938 1364 1990 ἐκ
1390 1947 1440 2007 γῆς
1468 1939 1590 2008 ἔφασκεν

359 2030 430 2099 πρὸς
457 2029 613 2098 ἀφοσίωσιν
637 2025 856 2100 Ἀγαμέμνονος,
890 2029 925 2088 ὡς
954 2029 996 2101 μὴ
1024 2027 1231 2091 ἔκδικάσαντας,
1263 2029 1336 2098 ἡμᾶς
1369 2027 1398 2080 δὲ
1426 2039 1591 2101 σωματικῶς

358 2123 512 2190 φθαρῆναι.
1102 2156 1105 2162 ·

432 2208 493 2263 278.
513 2207 676 2277 δυσφρόνων
693 2207 880 2279 μειλίγματα]
900 2205 938 2260 Cf.
952 2206 1060 2261 Theocr.
1071 2207 1113 2275 22,
1124 2206 1185 2261 221.
1204 2209 1298 2276 λιγεᾶν
1315 2209 1487 2280 μειλίγματα
1506 2214 1589 2262 Μου-

360 2308 420 2351 σαν.
458 2297 510 2352 Sed
529 2297 713 2367 conigeudum
731 2298 838 2351 videtur
856 2327 890 2336 —-
908 2301 1063 2369 μηνίματα.
1094 2296 1128 2350 V.
1147 2299 1237 2352 annot
1257 2297 1315 2350 crit.

349 2371 352 2378 ¹
433 2387 607 2458 δυσφρόνων]
636 2385 685 2441 ‘Of
700 2386 797 2441 hostile
817 2385 935 2456 powers)
955 2385 1035 2456 (Pel.)
1066 2386 1104 2441 Of.
1123 2386 1167 2442 88.
1188 2397 1247 2447 πως
1265 2386 1377 2458 εὔφρον’
1397 2390 1482 2451 einer,
1519 2386 1589 2443 Con-

360 2480 437 2533 necte
456 2483 546 2531 autem
563 2479 735 2550 μειλίγματα
754 2477 783 2528 ἐκ
801 2485 857 2546 γῆς.

432 2567 492 2621 279.
512 2566 679 2637 πιφαύσκων
698 2565 784 2636 εἶπεν]
802 2566 824 2620 I.
844 2581 866 2620 e.
886 2569 1038 2638 σημαίνων.
1070 2564 1108 2621 Of.
1127 2566 1177 2634 Ag.
1197 2565 1258 2621 205.
1277 2564 1337 2618 είπε
1356 2576 1465 2636 φωνῶν.

326 2657 329 2666 ’
431 2659 593 2725 βλαστάνειν
610 2655 724 2725 νόσους]
744 2656 783 2710 cf.
803 2659 851 2725 ng.
872 2656 933 2710 756.
951 2656 1113 2723 βλαστάνειν
1131 2686 1165 2695 -
1186 2654 1267 2714 οἰζύν.

432 2746 492 2802 280.
513 2747 621 2816 ἀγρίαις
647 2744 779 2815 γνάθοις]
810 2745 852 2801 cf.
876 2745 937 2799 325.
965 2745 1052 2799 Prom.
1075 2743 1136 2799 368.
1164 2747 1292 2816 ποταμοὶ
1323 2745 1410 2816 πυρὸς
1437 2744 1589 2806 θάπτοντες

361 2839 469 2906 ἀγρίαις
487 2838 610 2905 γνάθοις.

432 2925 492 2980 281.
513 2925 651 2994 λειχῆνας]
678 2923 905 2993 impetigines.
943 2923 1063 2978 Pessima
1084 2923 1164 2992 hrrjns
1187 2924 1273 2977 morbi
1295 2924 1398 2993 species
1422 2925 1471 2978 fuit
1494 2926 1590 2996 ἀγριο-

361 3019 480 3085 λειχῆνες
499 3015 646 3083 (Hesych.).
679 3013 720 3068 Cf.
739 3013 816 3066 Eum.
837 3013 897 3068 785.
921 3013 1012 3082 λειχὴν
1035 3015 1156 3083 ίίφυλλος
1179 3016 1296 3074 ίίτεκνος.
1334 3015 1376 3067 Ad
1395 3016 1589 3084 ἀγριολειχῆνα

361 3109 408 3160 aut
427 3105 621 3174 ιἰγριοιγώριαν
641 3105 677 3170 (v.
697 3102 815 3170 Hesych.
835 3102 861 3154 h.
875 3104 926 3171 1.),
949 3103 1038 3171 leprae
1061 3103 1178 3171 speciem
1200 3103 1378 3170 teterrimam,
1406 3103 1489 3158 alludi
1512 3107 1591 3172 putat

361 3194 446 3248 Biom.
477 3193 517 3248 cf.
537 3193 605 3247 Ptin.
625 3193 659 3247 N.
679 3193 713 3246 H.
732 3192 822 3246 XXV.
844 3194 867 3244 1.
895 3191 1139 3247 “snanwma
1160 3193 1202 3248 19.
1231 3193 1336 3263 ἀλφους
1368 3192 1397 3246 dt
1424 3197 1472 3246 καὶ
1493 3194 1591 3253 λεύκας

361 3285 420 3355 (sio)
439 3287 486 3337 καὶ
504 3285 627 3352 λειχῆνας
646 3286 721 3335 ἰᾶται
740 3284 771 3334 τὸ
789 3283 918 3334 ἐντεῦθεν
937 3281 1075 3352 λουτρόν.”
1096 3281 1174 3351 (Pal.)

432 3373 607 3443 ἐξέσθοντας]
641 3373 870 3428 Corrodentes.
912 3370 1033 3441 Simplex
1060 3372 1134 3425 ἔσθω
1167 3373 1282 3426 occurrit
1307 3373 1358 3441 Ag.
1379 3373 1456 3427 1597.
1492 3372 1589 3427 Confer

361 3465 484 3517 ἐκπίνειν
501 3462 581 3531 Soph.
600 3462 641 3515 El.
661 3462 721 3516 785.
742 3463 848 3533 τούμόν
865 3461 1006 3514 ἐκπίνουά
1027 3493 1061 3501 -
1081 3458 1160 3533 αἷμα.

433 3554 550 3624 ἀρχαίαν
568 3552 662 3622 φύσιν]
689 3552 711 3606 Ι.
732 3568 754 3606 e.
783 3553 832 3618 τὴν
854 3551 883 3608 ἐξ
905 3552 987 3620 ἀρχῆς
1011 3546 1099 3604 οὖσαν
1117 3550 1236 3621 (schot),
1260 3550 1309 3617 τὴν
1336 3551 1391 3622 πρὸ
1419 3560 1469 3603 τοῦ
1495 3556 1590 3604 νοσεῖν

361 3643 530 3696 κατάστασιν
548 3642 696 3711 (Hesyeh.).
732 3640 810 3711 Angl.
839 3641 882 3695 its
906 3641 1049 3711 original
1071 3640 1224 3710 (ncrrnel)
1249 3640 1425 3694 substance
1444 3640 1588 3710 (tissue).

361 3733 440 3802 Apud
459 3732 649 3801 Hippocratem
667 3731 773 3800 legitur.
814 3730 872 3786 “Oi
893 3730 961 3789 Plat,
983 3731 1060 3800 Gorg.
1081 3748 1105 3798 p.
1125 3731 1177 3786 518
1191 3731 1222 3784 D.
1248 3732 1479 3800 προσαπολουσιν
1498 3731 1590 3782 αὐτων

361 3823 474 3882 καὶτὰς
493 3822 608 3891 ἀρχαίας
629 3820 757 3892 σάρκας.”
781 3819 859 3890 (Pal.)
897 3819 972 3874 Adde
991 3820 1071 3890 Soph.
1092 3819 1161 3874 0.C.
1183 3821 1242 3875 110.
1271 3818 1397 3872 εἴδωλον·
1426 3821 1459 3871 οὐ
1482 3820 1535 3890 γὰρ
1555 3820 1589 3886 δὴ

362 3911 417 3965 τόδ’
438 3911 469 3981 (l.
490 3911 581 3979 τόγ’)
601 3912 716 3982 ἀρχαῖον
736 3910 828 3982 όίμας.
858 3909 967 3963 Aristid.
985 3909 1007 3963 I.
1028 3911 1088 3964 637.
1112 3918 1158 3977 τῆς
1182 3910 1297 3979 ἀρχαίας
1315 3911 1424 3980 φάσεως
1446 3908 1489 3961 δτι
1507 3910 1589 3978 ἐγγυ-

362 4003 433 4053 τάτω
452 4001 609 4070 γενόμενος.
647 4000 757 4054 Locutio
776 4000 904 4070 frequens
922 4000 993 4068 apud
1012 3999 1209 4068 Hippocratem.

434 4090 493 4144 282.
513 4091 609 4151 λευκὰς
628 4089 657 4142 ἀὲ
676 4090 775 4161 κόρσας
793 4090 840 4159 -]
870 4089 908 4144 cf.
928 4088 1014 4142 Levit.
1033 4088 1111 4142 XHI.
1132 4088 1174 4142 10.
1202 4091 1249 4140 καὶ
1276 4087 1338 4140 1όού
1367 4089 1431 4154 οὐλὴ
1446 4089 1535 4153 ’λευκὴ
1560 4089 1590 4140 ἐν

362 4184 399 4248 tq*
419 4179 546 4252 δέρματι,
565 4183 612 4232 καὶ
631 4180 699 4245 αὕτη
717 4182 848 4251 μετέβαλε
868 4183 946 4250 τρίχα
959 4179 1064 4244 λευκήν.
1084 4177 1152 4232 Cels.
1173 4177 1333 4231 (1611191117.
1347 4176 1389 4231 28.
1405 4177 1446 4231 19.
1466 4176 1589 4246 ‘Vitiligo

363 4300 395 4307 -
415 4271 494 4336 λευκὴ
513 4270 592 4324 babet
610 4270 737 4339 quiddam
756 4268 841 4323 simile
860 4268 951 4338 alpbo,
971 4267 1018 4322 sed
1037 4267 1121 4336 magis
1140 4265 1226 4321 albida
1245 4269 1286 4320 est
1305 4268 1332 4320 et
1349 4266 1429 4321 altius
1442 4266 1589 4337 descendit,

362 4359 390 4413 in
413 4376 497 4429 eaque
520 4359 573 4414 aiei
600 4359 648 4430 pili
671 4362 734 4413 sunt
757 4361 783 4412 et
805 4343 924 4426 lanugini
946 4356 1055 4412 amnes.
1093 4351 1188 4411 omnia
1214 4356 1280 4410 ιιιι
1299 4358 1411 4426 serpunt
1430 4355 1516 4426 (aec),
1541 4356 1590 4410 see

361 4449 390 4501 in
416 4449 474 4504 aliis
498 4450 624 4518 celerius,
653 4450 680 4503 in
708 4448 767 4504 aliis
794 4446 912 4502 tardius!
949 4446 1010 4501 Vox
1038 4448 1121 4521 κόρση
1149 4446 1248 4515 legitur
1275 4445 1400 4500 Simonid.
1419 4445 1462 4499 Fr.
1483 4447 1543 4515 177,
1563 4446 1588 4499 2.

362 4538 514 4608 Empedocl.
540 4558 563 4594 v.
588 4540 629 4593 27.
658 4538 770 4593 Nicend.
794 4537 891 4591 Athen.
914 4535 962 4590 IV.
984 4537 1034 4590 133
1048 4536 1077 4589 E.
1105 4535 1236 4605 Lycophr.
1256 4536 1316 4590 507.
1344 4534 1440 4589 Aesch.
1463 4534 1506 4589 m.
1527 4535 1589 4588 111.
