3550 5304
369 447 431 510 100
867 465 1092 511 oonnnnnnnms

365 625 490 693 μωμένα.
519 622 562 677 Fr.
575 621 636 677 852.
663 624 793 695 μωμένῳ.
822 621 936 692 Theogn.
957 623 1017 677 769.
1046 621 1112 674 ἀλλὰ
1136 621 1169 672 τὰ
1191 619 1246 692 μὲν
1262 624 1392 692 μῶσθαι,
1416 620 1450 672 τὰ
1478 619 1508 672 δὲ
1536 619 1590 672 δει-

365 713 470 763 κνύναι.

438 801 536 870 ἰάλλει]
555 801 576 854 l.
590 817 615 869 q.
635 803 749 872 πέμπει.
777 800 897 854 Verbum
916 800 1095 854 Homericum.
1116 799 1157 856 01.
1170 801 1204 854 ad
1216 799 1258 853 22.
1279 800 1376 859 ἰαλτός,
1395 799 1455 853 497.
1475 797 1519 852 Pr.
1530 799 1591 853 659.

438 889 481 944 45.
501 889 567 949 ἔπος
585 889 641 942 τόδ’
660 890 793 959 ἐκβαλεῖν]
822 888 898 959 Angl.
923 891 954 943 to
981 892 1072 943 ulter
1101 888 1170 943 this
1197 890 1290 943 word.
1327 888 1366 942 cf.
1391 889 1424 942 ad
1443 892 1492 957 Ag.
1513 889 1590 942 1663.

366 979 511 1045 κάκβαλεῖν
539 979 591 1044 έπη
620 988 743 1031 τοιαῦτα.
770 978 849 1032 Eum.
871 977 934 1033 830.
962 979 1024 1032 Eur.
1048 979 1104 1032 Ion.
1129 979 1189 1032 959.
1219 978 1312 1048 οἰκτρὰ
1340 977 1429 1030 πολλὰ
1453 978 1592 1049 στόματος

366 1068 508 1134 ἐκβαλοῦσ*
527 1067 587 1133 ἔπη.
625 1068 684 1121 Ηοο
705 1068 739 1121 ad
762 1069 846 1136 χάριν
874 1068 1039 1138 ἀπότροπον
1061 1077 1153 1119 κακῶν
1176 1067 1241 1136 (44)
1265 1068 1292 1120 ot
1314 1067 1348 1120 ad
1372 1083 1404 1120 ea
1426 1083 1494 1136 qnae
1513 1066 1593 1120 modo

367 1157 482 1222 dixerat,
501 1156 518 1211 i.
537 1173 560 1210 e.
579 1157 682 1210 itineris
700 1156 781 1225 hujus
793 1172 912 1219 eausam,
932 1159 1044 1224 spectat.
1074 1156 1222 1211 Scholiasta
1237 1157 1271 1210 ad
1284 1155 1402 1215 δύσθεος
1414 1155 1484 1209 male
1501 1156 1591 1209 neleil.

366 1245 454 1301 Sohol.
483 1245 527 1299 δεῖ
551 1251 627 1298 νοεῖν
654 1245 696 1298 ότι
725 1247 755 1299 τό
784 1245 915 1306 ιδύσθεος
940 1245 1024 1315 γυνά’
1049 1248 1138 1318 ἠρέμα
1161 1265 1221 1306 πως
1248 1245 1412 1316 ἐφθέγξατο.
1441 1244 1485 1297 διό
1513 1260 1592 1315 φησι,

366 1342 511 1407 φοβοῦμαι
529 1335 582 1406 γὰρ
602 1336 668 1396 ἔπος
686 1335 748 1388 τόδε
766 1333 911 1403 ἐκβάλλειν.

436 1443 480 1498 48.
500 1444 599 1514 λύτρον
609 1474 641 1482 -
653 1444 785 1515 αἵματος]
804 1443 825 1497 I.
837 1459 859 1496 e.
873 1445 1020 1514 κάθαρμα,
1040 1443 1213 1512 piaculum.
1243 1442 1283 1497 01.
1295 1443 1330 1495 72
1339 1457 1378 1512 sq.
1398 1442 1458 1496 804.
1474 1441 1591 1494 λύσασθ’

367 1529 442 1600 αἷμα.
465 1535 515 1602 Ag.
534 1532 586 1587 983
597 1548 635 1601 sq.
659 1533 735 1586 Eum.
755 1533 807 1587 645
818 1548 856 1602 sq.
881 1533 959 1601 Soph.
978 1532 1019 1586 Ill.
1038 1533 1099 1585 447.
1128 1531 1180 1603 ἀρα
1207 1533 1248 1604 μὴ
1272 1531 1362 1591 δοκεῖς
1377 1532 1383 1600 Ι
1398 1531 1499 1602 λυτήρι’
1524 1531 1593 1602 αὐτῇ

366 1630 452 1674 ταῦτα
471 1631 521 1674 τοῦ
539 1622 629 1692 φόνου
648 1625 756 1692 φέρειν,·
783 1623 833 1674 οὐκ
855 1622 937 1674 ἔστιν.
957 1621 1021 1676 000.
1040 1622 1072 1675 R.
1094 1621 1152 1676 100.
1177 1622 1255 1691 φόνῳ
1278 1621 1367 1691 φόνον
1385 1621 1507 1680 λύοντας,
1526 1619 1591 1673 Eur.

367 1710 411 1764 Or.
431 1711 491 1766 510.
511 1711 573 1765 598.
610 1711 696 1764 Rarus
715 1714 756 1766 est
774 1711 854 1780 hujus
873 1711 988 1764 nominis
1006 1727 1086 1778 usus,
1106 1711 1262 1779 praesertim
1281 1711 1308 1763 in
1328 1709 1461 1779 singulari.

438 1801 571 1860 πεσόντος
591 1802 709 1872 αἵματος
727 1800 816 1870 πέδῳ]
841 1801 878 1855 01.
899 1802 959 1855 516.
988 1803 1036 1870 Ag.
1058 1800 1135 1855 1019.
1159 1801 1190 1853 τὸ
1219 1799 1243 1852 δ’
1267 1801 1314 1852 ἐπὶ
1336 1808 1389 1868 γᾶν
1408 1800 1494 1852 πεσόν
1517 1798 1594 1856 ἀπαξ

366 1890 528 1961 θανάσιμον
547 1889 720 1961 προπάροιθ’
740 1890 838 1960 ἀνδρὸς
854 1893 944 1962 μέλαν
963 1886 1033 1961 αἷμα
1052 1897 1092 1950 τίς
1105 1891 1139 1941 ἀν
1152 1891 1236 1942 πάλιν
1249 1887 1421 1958 ἀγκαλέσαιτ’
1442 1887 1593 1951 έπαείδων,·

366 1978 443 2032 Eum.
463 1979 515 2032 645
529 1995 568 2049 sq.
587 1980 648 2034 479.
677 1978 753 2047 πέδῳ
776 1981 877 2032 πεσών.
906 1979 1125 2034 11111.Ιοτ1.457.
1151 1981 1242 2039 ἰὸς-
1263 1977 1339 2047 πέδῳ
1358 1979 1459 2031 πεσών.
1484 1977 1527 2031 01.
1547 1977 1591 2030 88.

367 2066 489 2139 δεμνίοις
508 2067 629 2138 πέπτωχ’
649 2068 703 2124 ὅδε.
723 2069 803 2144 Soph.
823 2068 862 2123 El.
883 2070 942 2122 747.
962 2077 1013 2121 τού
1031 2068 1065 2122 δέ
1079 2073 1232 2128 πίπτοντος
1250 2067 1333 2136 πέδῳ.

436 2158 480 2211 49.
500 2158 639 2228 πάνοιζυς]
659 2157 698 2214 01.
718 2158 761 2212 Fr.
781 2159 832 2213 365
842 2159 874 2212 Ι).
894 2157 1028 2229 τρίσοιζυς
1046 2158 1210 2228 (τρισοίζυος
1228 2157 1325 2226 vulgo).

438 2267 469 2318 51
485 2281 523 2334 sq.
544 2264 583 2318 01.
606 2266 683 2319 Eum.
704 2266 764 2320 379.
794 2262 933 2336 δνοφεράν
960 2265 1011 2318 τιν’
1040 2265 1124 2334 ἀχλύν
1150 2265 1219 2317 κατά
1249 2251 1376 2336 δώματος
1404 2263 1524 2324 αύδᾱτας
1548 2264 1592 2333 (l)

366 2355 537 2414 πολύστονος
555 2351 644 2424 φάτις.

437 2445 479 2498 51.
500 2440 609 2496 ἀνάλιοι
628 2444 675 2513 -]
695 2444 793 2498 Contra
811 2445 871 2499 061.
891 2442 967 2516 πάρα
986 2445 1017 2497 τὸ
1036 2455 1095 2515 φῶς
1114 2443 1190 2498 ἰδεῖν.

437 2535 643 2604 βροτοστυγεῖς]
672 2533 867 2588 Mortalibus
890 2533 1001 2588 invisi.
1033 2533 1072 2590 01.
1092 2533 1136 2587 Pr.
1157 2534 1216 2587 799.
1242 2533 1376 2603 Γοργόνες
1392 2539 1593 2604 βροτοστυγεῖς.

366 2622 405 2678 01.
426 2639 450 2675 v.
470 2625 621 2691 θεοστυγής
640 2623 713 2692 (Eur.
733 2623 805 2692 Cyol.
826 2624 886 2678 396.
905 2623 966 2678 602.
985 2624 1043 2677 Tro.
1064 2623 1161 2693 1213).
1588 2630 1591 2636 “

437 2729 479 2783 52.
500 2728 599 2799 δνόφοι
622 2731 794 2782 καλύπτουσι
817 2729 936 2802 δόμους]
965 2730 1003 2786 01,
1023 2731 1083 2786 807.
1107 2731 1265 2802 ἐλευθέριον
1288 2740 1347 2799 φῶς
1370 2731 1500 2801 λαμπρὸν
1523 2730 1594 2782 ἰδεῖν

366 2818 395 2870 έκ
414 2816 550 2888 δνοφερᾶς
567 2820 732 2890 καλύπτρας.
752 2820 828 2872 Eum.
849 2819 909 2874 380.
937 2825 1016 2872 τοῖον
1042 2821 1090 2872 inl
1117 2823 1219 2889 κνέφας
1246 2818 1327 2890 ἀνδρὶ
1347 2819 1594 2892 μύσος1μέλαν7)

366 2908 534 2959 πεπόταται·
558 2911 605 2959 καλ
624 2906 763 2978 δνοφεράν
781 2908 831 2960 τιν’
851 2909 934 2977 ἀχλὺν
953 2908 1022 2961 κατὰ
1042 2908 1169 2980 δώματος
1188 2906 1305 2961 αὐδᾶται
1324 2907 1486 2977 (έκχεῑταιῖ)
1506 2909 1594 2960 πολύ·

365 3012 463 3056 στονος
486 2998 576 3067 φάτις.
604 2997 677 3051 Pois.
697 2999 757 3051 535.
791 3001 859 3050 ίίστυ
886 2999 916 3050 τὸ
944 2999 1062 3050 Σούσων
1082 3029 1114 3036 -
1133 3002 1231 3050 πένθει
1260 2996 1387 3070 δνοφερῷ
1411 3001 1594 3071 κατέκρυψας.

365 3085 438 3139 Infra
456 3086 516 3140 811.
537 3086 673 3159 δνοφερᾶς
690 3089 854 3159 καλύπτρας.

437 3175 480 3229 53.
500 3174 644 3228 δεσποτῶν
662 3177 826 3246 θανάτοισι]
854 3175 994 3245 Propter
1015 3178 1149 3230 moriem
1169 3176 1328 3246 (eaedem)
1348 3176 1441 3245 regie.
1478 3175 1595 3230 Dativus

366 3279 470 3319 causae.
503 3263 540 3319 01.
559 3265 602 3318 82.
626 3263 749 3318 Θάνατον
768 3267 800 3319 de
818 3266 897 3319 unius
916 3282 1045 3335 personae
1064 3267 1144 3320 caede
1162 3267 1193 3319 ut
1211 3265 1280 3320 alibi.

437 3372 479 3425 54.
499 3376 579 3438 σέβας
597 3372 622 3425 δ’
641 3375 752 3444 ἀμαχον
776 3373 921 3444 ἀδάματον
941 3373 1093 3445 ἀπόλεμον]
1122 3373 1160 3427 01.
1180 3375 1230 3442 Ag.
1250 3371 1309 3428 768.
1339 3372 1460 3444 δαίμονά
1486 3390 1514 3424 τε
1542 3372 1596 3424 τάν

365 3464 478 3533 ἀμαχον
502 3462 646 3534 ἀπόλεμον
670 3463 786 3533 ἀνίερον,
811 3464 916 3533 θράσος
935 3474 985 3516 eto.
1022 3462 1150 3532 Majestas
1174 3463 1244 3531 regis
1262 3461 1469 3530 Agamemnonis
1489 3461 1595 3515 dieitur.

365 3550 453 3604 Schol.
474 3551 602 3603 ἑκούσιον
629 3555 710 3619 σέβεις
738 3553 768 3604 τό
795 3554 835 3622 μὴ
863 3553 892 3604 έκ
920 3553 1010 3622 φόβου
1030 3551 1086 3604 ἀλλ’
1105 3551 1134 3610 έξ
1157 3550 1252 3611 αἰδοῦς
1274 3553 1432 3625 γινόμενον.
1461 3560 1541 3603 τοῦτο
1563 3550 1595 3603 δὲ

365 3641 440 3692 θέλει
464 3643 560 3705 είπεῑν,
585 3639 628 3692 ὅτι
652 3643 667 3705 ἡ
688 3640 770 3700 αἰδὼς
793 3641 827 3708 ἢν
850 3643 914 3712 περὶ
935 3640 1142 3712 Ἀγαμέμνονος
1166 3639 1240 3709 εἶχον
1264 3643 1291 3692 οἱ
1314 3640 1400 3713 δῆμοι
1423 3639 1595 3711 (δημόταιῗ)

365 3737 415 3779 νῦν
434 3732 470 3789 εἰς
489 3731 578 3798 φόβον
597 3727 709 3800 ἐτράπη.
729 3719 835 3782 ἐκεῖνον
852 3730 906 3802 γὰρ
926 3724 1041 3801 ᾐδοῦντο
1060 3732 1106 3782 καὶ
1125 3731 1247 3800 ἐφίλουν,
1271 3739 1371 3782 τοῦτον
1390 3728 1418 3782 δέ
1438 3736 1596 3800 φοβοῦνται

366 3819 401 3876 ὡς
419 3819 554 3890 τύραννον
574 3818 796 3890 διατελούμενον.

437 3909 531 3976 σέβας]
550 3908 614 3962 [Phe
633 3908 756 3978 feeling
775 3910 808 3962 ol
824 3925 1010 3963 reverenoe.

438 3995 593 4067 ἀδάματον]
614 3997 654 4052 01.
674 3997 755 4067 Soph.
775 3997 840 4051 Oed.
854 3998 884 4050 R.
900 3999 977 4052 1314.
997 4001 1108 4068 ίίφατον
1127 3996 1271 4069 ἀδάματόν
1289 4016 1317 4051 τε
1335 4001 1382 4050 καὶ
1400 3997 1594 4070 δυσούριστον.

437 4085 590 4157 ἀπόλεμον]
610 4087 680 4140 Non
700 4086 939 4141 debellendum.

366 4222 369 4228 ·
437 4194 479 4247 56.
500 4192 534 4245 δι’
555 4195 633 4246 ὤτων
645 4195 744 4265 φρενός
757 4212 784 4246 τε
796 4195 843 4263 -]
864 4194 902 4248 01.
912 4195 974 4250 450.
994 4193 1028 4247 δι’
1043 4196 1120 4246 ὤτων
1133 4193 1161 4246 δὲ
1175 4204 1232 4246 σῶν
1243 4197 1365 4265 τέτραινε
1382 4197 1480 4266 μῦθον
1498 4195 1595 4264 ἀσύχῳ

365 4293 474 4354 φρενῶν
491 4284 577 4350 βάσει.
605 4283 677 4352 Sept.
698 4284 740 4338 25.
769 4284 799 4335 έν
827 4285 878 4334 ὠσὶ
904 4294 1007 4355 νωμῶν
1032 4287 1079 4336 καὶ
1104 4286 1202 4354 φρεσὶν
1220 4314 1253 4322 -
1267 4288 1451 4357 χρηστηρίους
1469 4287 1595 4354 ὄρνιθας.

364 4371 437 4424 Pers.
457 4372 517 4426 605.
545 4376 598 4440 βοᾷ
622 4373 645 4425 δ’
670 4374 699 4425 ἐν
723 4374 782 4424 ὠσὶ
805 4372 919 4432 κέλαδος
947 4375 979 4425 ού
1007 4374 1155 4432 παιώνιος·
1177 4373 1181 4442 Ι
1202 4377 1264 4424 τοία
1288 4383 1379 4426 κακῶν
1402 4372 1527 4439 ἔκπληξις
1549 4374 1595 4425 ἐκ·

365 4466 450 4529 φοβεῖ
467 4465 577 4531 φρένας.

437 4548 555 4620 δαμίας]
575 4550 661 4603 Schol.
682 4550 831 4621 δημοσίας,
853 4560 903 4603 τοῦ
922 4550 1021 4622 δήμου.
