3530 5314
529 1105 978 1190 PRAEFATIO.

673 1336 832 1346 ——--

230 1552 397 1616 Rationem
421 1551 516 1633 hujus
539 1570 628 1615 meae
650 1551 805 1634 Trilcgiae
828 1552 1026 1633 Aeschyleae
1050 1551 1198 1615 editionis
1221 1551 1256 1613 in
1271 1548 1366 1613 Prae-

140 1661 258 1723 satione
282 1659 322 1722 ad
338 1661 612 1741 Agamemnonem
636 1658 782 1742 exposui,
805 1661 897 1742 cujus
919 1659 1046 1722 fabulae
1068 1659 1146 1722 haec
1170 1656 1367 1721 continuatio

141 1768 209 1830 sive
232 1767 488 1850 supplementum
512 1769 571 1843 θεῖ,
593 1770 631 1828 ut
653 1767 748 1849 hujus
771 1766 896 1830 fabulae
919 1765 1124 1831 Eumenides

230 1871 349 1936 Omnes
380 1877 445 1938 tres
477 1872 600 1936 fabulas
624 1874 810 1957 corruptelis
843 1878 963 1938 scatere
988 1872 1137 1936 omnibus
1169 1876 1281 1935 notum
1310 1875 1365 1952 est

141 1982 223 2044 hanc
246 1985 354 2044 autom
376 1978 516 2042 fabulam
540 1981 708 2063 praecipue
730 1981 856 2044 mendis
878 1980 1022 2044 laborare
1046 1999 1082 2043 eo
1114 1981 1222 2042 miuus
1249 1979 1368 2041 miran-

143 2089 219 2151 dum
251 2092 298 2150 est
330 2087 416 2170 quod
443 2087 539 2150 unius
561 2091 687 2150 tantum
714 2088 833 2150 codicis
856 2089 1021 2172 archetypi
1049 2087 1233 2151 auctoritate
1255 2087 1369 2148 nititur

142 2198 210 2278 ejus
233 2198 348 2258 textus.
394 2193 488 2258 Unde
511 2195 688 2258 necessario
711 2195 830 2258 factum
846 2199 944 2258 estut
958 2195 999 2258 ad
1015 2197 1243 2278 conjecturam,
1265 2194 1370 2257 solum

141 2303 178 2364 in
200 2321 234 2366 re
258 2301 422 2384 desperata
444 2300 637 2383 remedium,
660 2319 811 2385 persaepe
835 2302 1084 2385 confugiendum
1108 2306 1196 2365 esset.

230 2408 283 2472 Ex
305 2408 364 2471 hac
387 2411 488 2491 parte,
511 2407 603 2491 dum,
631 2413 667 2472 ut
690 2409 789 2491 selec,
815 2413 977 2493 suspectas
999 2409 1150 2472 lectiones
1173 2407 1316 2472 iudicavi
1339 2413 1370 2471 et

142 2516 354 2580 correctiones
369 2515 522 2598 plurimas
537 2516 572 2578 in
589 2517 793 2579 annotatione
808 2517 919 2580 critica
934 2515 1098 2599 proposui,
1121 2515 1228 2598 ipsum
1243 2518 1369 2578 textum

143 2624 239 2706 vulgo
264 2627 426 2706 receptum
449 2640 512 2684 non
536 2627 653 2686 temere
676 2624 866 2686 mutandum
890 2623 984 2705 duxi,
1011 2641 1071 2685 nec
1094 2623 1292 2704 conjecturas
1316 2627 1370 2685 aut

142 2748 230 2793 meas
262 2734 318 2792 aut
349 2729 485 2791 aliorum
513 2729 711 2811 recipiendas
744 2748 812 2793 esse
840 2749 922 2813 quae
954 2747 1020 2793 non
1053 2734 1108 2793 aut
1139 2728 1370 2813 propemodum

143 2840 246 2900 certae
278 2840 334 2899 aut
366 2835 477 2898 saltem
510 2835 602 2900 valde
634 2835 814 2919 probabiles
848 2836 1040 2901 viderentur.
1087 2836 1157 2914 Qua
1188 2834 1309 2898 ratione
1342 2837 1370 2898 si

143 2961 254 3006 omnes
286 2946 453 3006 uterentur
480 2941 640 3024 editores¹
655 2943 794 3006 mediam
822 2948 986 3027 tutamque
1014 2945 1100 3007 viam
1127 2944 1211 3007 inter
1237 2942 1370 3005 nimiam

143 3050 304 3133 opinionis
323 3049 530 3133 pertinaciam
551 3053 582 3112 et
600 3050 762 3114 licentiam
783 3050 964 3113 effrenatam
985 3055 1142 3132 tenentes,
1162 3070 1234 3134 spes
1255 3069 1371 3132 magna

142 3157 222 3220 foret
237 3161 360 3221 textum
385 3156 551 3239 paullatim
573 3176 638 3221 uon
661 3177 775 3241 parum
790 3157 954 3222 meliorem
978 3176 1014 3221 eo
1039 3178 1134 3241 quem
1157 3157 1252 3222 hodie
1275 3156 1371 3222 habe-

143 3284 216 3327 mus
231 3265 424 3328 exstiturum
441 3281 516 3327 esse.
563 3261 622 3326 Oui
643 3263 726 3328 bono
750 3265 836 3326 enim
859 3270 908 3328 est
923 3265 1057 3328 eandem
1079 3283 1203 3347 semper
1226 3265 1371 3327 semitam

144 3391 240 3453 quam
263 3370 487 3455 praecedentes
507 3371 643 3456 editores
671 3370 811 3436 studiose
839 3372 987 3452 insequi?
1035 3369 1120 3447 Quid
1142 3370 1318 3454 proficitur,
1343 3372 1371 3434 si

89 3559 91 3566 y
142 3478 179 3539 in
205 3477 319 3541 iisdem
352 3495 477 3560 semper
504 3478 644 3560 vestigiis
676 3479 883 3542 insistamus?
921 3477 958 3540 In
992 3480 1051 3542 hac
1083 3496 1117 3541 re
1146 3477 1208 3539 viri
1232 3478 1317 3541 docti
1340 3482 1372 3542 et

144 3585 278 3667 sagacis,
302 3584 358 3666 qui
373 3603 477 3667 nuper
490 3584 647 3668 'lrilogiae
663 3585 759 3667 hujus
780 3586 953 3650 editionem
978 3604 1103 3648 summa
1124 3585 1219 3648 laude
1243 3585 1372 3666 dignam

143 3692 287 3774 protulit,
311 3692 422 3755 Arturi
442 3689 616 3774 Sidgwiclr,
640 3692 962 3757 senteutiam'efferre
991 3693 1097 3774 juvat,
1121 3693 1174 3755 cui
1193 3691 1261 3775 ipse
1283 3692 1373 3774 peni·

143 3803 197 3861 tus
220 3799 381 3882 astipulor.
428 3797 489 3860 “In
512 3798 666 3879 carefully
693 3800 802 3882 sifting
829 3799 882 3862 the
909 3799 1066 3882 proposed
1093 3799 1313 3862 emendatious
1342 3799 1376 3861 of

143 3905 197 3968 the
220 3905 308 3987 large
331 3905 467 3968 number
490 3906 525 3968 of
545 3904 684 3969 scholars
707 3906 779 3968 who
803 3906 883 3970 have
907 3906 1038 3970 worked
1061 3911 1094 3969 at
1115 3906 1178 3969 this
1197 3906 1286 3989 play,
1310 3905 1372 3968 aud

141 4013 179 4073 in
207 4012 327 4095 adding
354 4032 388 4083 as
415 4012 475 4075 few
503 4031 537 4075 as
564 4012 702 4096 possible
730 4013 765 4076 of
788 4032 844 4094 my
873 4032 958 4095 own,
985 4012 1001 4075 Ι
1025 4013 1106 4076 have
1134 4013 1228 4076 tahen
1256 4033 1274 4075 a
1302 4017 1372 4075 true

143 4118 301 4201 estimato,
324 4117 341 4180 I
364 4118 499 4202 believe,
526 4119 602 4183 both
631 4119 665 4182 of
684 4119 737 4184 the
765 4120 1002 4200 requiremeuts
1026 4120 1060 4183 of
1080 4139 1135 4199 my
1158 4120 1285 4184 readers
1309 4119 1373 4182 and

52 4271 56 4284 .
134 4224 178 4288 'of
198 4244 253 4305 my
278 4245 350 4288 own
372 4244 503 4308 powers.
549 4227 593 4290 At
620 4227 673 4290 the
701 4244 787 4288 same
815 4227 892 4288 time
914 4226 931 4289 I
952 4247 1003 4289 am
1025 4226 1134 4290 bound
1157 4231 1188 4290 to
1213 4226 1274 4288 add
1297 4225 1372 4306 that,

48 4319 49 4324 ἵ
142 4331 266 4413 though
289 4333 341 4396 the
366 4333 563 4415 conjectures
587 4335 621 4396 of
641 4334 693 4396 the
717 4333 833 4396 editors
857 4334 891 4396 of
908 4334 1088 4416 Aeschylus
1112 4352 1164 4397 are
1188 4334 1274 4397 often
1297 4332 1372 4396 bold

139 4443 173 4505 to
198 4439 252 4504 the
275 4459 368 4528 vorge
392 4440 427 4503 of
445 4439 575 4522 lirense,
599 4460 618 4502 a
639 4440 815 4533 prolonged
838 4441 935 4533 study
951 4441 985 4504 of
1005 4441 1057 4506 the
1080 4440 1208 4508 various
1232 4441 1369 4505 editions
