3530 5314
564 481 570 500 .
666 390 918 456 ΧΟΗΦΟΡΟΙ

383 571 466 655 πρὸς
488 570 561 642 τοὺς
583 570 790 654 κρατοῦντας,
814 572 871 641 οὓς
894 570 990 654 ἴδοιμ’
1014 572 1078 655 ἐγώ
1100 596 1176 637 ποτε

385 678 542 748 θανόντας
565 679 599 742 ἓν
621 679 727 761 κηκῖδι
749 679 894 761 πισσήρει
916 678 1043 760 φλογός.

330 834 335 848 .
382 787 469 850 οὔτοι
491 785 653 868 προδώσει
679 783 795 858 Λοξίας
815 785 1032 868 μεγασθενὴς

384 897 540 976 χρησμοῖς
562 892 702 956 κελεύων
724 892 815 955 τόνδε
837 892 985 956 κίνδυνον
1007 898 1117 976 περᾶν,
1340 898 1403 962 270

384 1000 611 1083 κάξορθιάζων
633 998 734 1063 πολλὰ
758 999 812 1063 καὶ
836 999 1062 1083 δυσχειμέρους

385 1108 461 1178 ἄτας
483 1107 539 1190 ὑφ’
563 1104 651 1190 ἧπαρ
674 1105 798 1189 θερμὸν
822 1106 1053 1189 ἐξαυδώμενος,

385 1216 413 1278 εἰ
432 1213 478 1297 μὴ
502 1215 622 1296 μέτειμι
644 1220 701 1277 τοῦ
724 1214 827 1297 φόνου
851 1212 924 1284 τοὺς
947 1215 1074 1285 αἰτίους·

385 1321 515 1406 [τρόπον
537 1320 591 1384 τὸν
614 1321 711 1384 αὑτὸν
734 1321 971 1384 ἀνταποκτεῖναι
994 1322 1104 1404 λέγων,

384 1429 635 1512 ἀποχρημάτοισι
659 1429 784 1510 ζημίαις
805 1411 1034 1511 ῖαυροόμενονΙ

384 1535 480 1599 αὐτὸν
504 1535 533 1599 δ’
557 1537 677 1618 ἔφασκε
699 1541 737 1618 τῇ
759 1535 833 1618 φίλη
857 1542 948 1618 φυχῇ
970 1536 1044 1599 τάδε

385 1644 476 1707 τίσειν
497 1643 533 1725 μ’
557 1644 668 1725 ἔχοντα
690 1641 791 1705 πολλὰ
817 1642 975 1725 δυστερπῆ
997 1645 1090 1707 κακά.

383 1750 420 1814 τὰ
443 1750 503 1832 μδν
526 1749 587 1833 γὰρ
611 1751 646 1812 ἔκ
670 1756 728 1833 γῆς
752 1749 945 1832 δυσφρόνων
967 1752 1126 1833 μηνίματα

252 1909 311 1964 267.
330 1909 400 1982 πρὸς
423 1908 487 1968 τοὺς
509 1907 691 1978 κρατοῦντας]
719 1906 789 1961 Post.
808 1911 899 1960 τοῖσιν
926 1917 1079 1978 κρατοῦσιν.
1112 1909 1153 1964 cf.
1172 1912 1221 1980 Ag.
1241 1911 1300 1967 604.
1328 1914 1404 1967 ταῦτ’

181 2000 350 2068 ἀπάγγειλον
368 1997 457 2050 πόσει.
476 1997 539 2051 Eur.
559 1995 599 2050 111.
618 1996 679 2052 420.
700 1995 793 2049 τούσδ’
813 1997 961 2065 ἀπαγγελῶ
980 1997 1078 2066 λόγους
1094 1999 1098 2067 Ι
1114 2002 1230 2070 γέροντι.

250 2087 311 2142 268.
330 2086 480 2156 θανόντας]
499 2089 653 2156 φθίνοντας
672 2085 738 2154 conj.
752 2084 856 2140 Weckl.
871 2088 898 2139 et
914 2085 943 2141 F.
954 2086 1002 2140 W..
1009 2086 1136 2142 Schmidt.
1157 2089 1294 2161 δαμέντας
1312 2092 1404 2147 Zakas.

180 2177 230 2244 Qu.
244 2178 423 2245 θνήσκοντας.
478 2175 593 2246 φλογός]
612 2175 654 2230 Sc.
668 2190 750 2244 pyrae
762 2175 864 2243 pineae.
896 2174 934 2229 cf.
945 2174 1008 2229 385.
1028 2177 1187 2249 ἐφυμνῆσαι
1206 2181 1314 2248 γένοιτό
1331 2181 1403 2254 μοι]

180 2265 309 2320 κακότατ’
328 2265 485 2337 ὀλολυγμὸν
504 2263 601 2335 ἀνδρὸς
619 2267 787 2336 θεινομένου
807 2265 841 2334 (f.
860 2266 1036 2336 καιομένου).

251 2355 408 2410 269-305.
428 2355 469 2408 Ab
488 2353 623 2422 Aeschylo
641 2353 774 2422 abjudicat
791 2355 819 2408 et
836 2353 959 2408 histrioni
977 2355 1102 2410 adsen'bit
1120 2355 1292 2412 Sohoemann.

251 2445 311 2500 269.
331 2446 392 2496 οότι
410 2443 547 2515 προδώσω
559 2443 595 2497 M.
610 2443 640 2497 G.
661 2431 739 2496 οδτοι
752 2473 784 2482 -
798 2442 880 2497 Turn.
907 2443 977 2497 Fost.
998 2446 1030 2496 οὐ
1048 2446 1089 2517 μὴ
1104 2446 1200 2517 προδῷ
1212 2465 1256 2519 με.
1289 2449 1329 2504 cf.
1342 2451 1403 2505 895.

179 2535 301 2586 θανόντα
325 2534 349 2586 δ’
370 2535 429 2586 οίίτι
455 2533 496 2605 μῆ
524 2532 637 2606 προδῷς
665 2534 741 2584 ποτέ.
779 2531 831 2586 Sed
858 2532 936 2586 Eum.
956 2533 998 2586 64.
1028 2535 1105 2586 οίίτοι
1134 2536 1277 2606 προδώσιν
1300 2539 1344 2607 (οὐ
1362 2541 1403 2612 μὴ

179 2623 275 2695 προδῶ
299 2623 367 2691 σεδ).
422 2621 527 2680 Λοξίου
554 2622 730 2694 μεγασθενὴς
752 2622 878 2693 χρησμὸς
900 2637 964 2676 mss.
995 2622 1058 2692 Leg.
1078 2625 1182 2684 Λοξίας
1203 2629 1378 2697 μεγασθενὴς
1399 2628 1402 2700 ]

174 2717 313 2786 χρησμοῖς
340 2713 416 2781 (297.
435 2710 557 2764 τοιοῖσδε
580 2712 733 2784 χρησμοῖς)
761 2712 877 2764 κελεύων
909 2710 987 2764 τόνδε
1010 2713 1060 2766 ete.
1097 2711 1136 2768 cf.
1155 2714 1232 2768 Eum.
1251 2717 1295 2770 61.
1314 2717 1404 2786 Λοξίᾳ

177 2806 354 2875 μεγασθενεῖ.
375 2800 447 2870 Sept.
464 2800 506 2855 70.
523 2795 627 2871 Ἐρινὺς
639 2831 673 2840 -
685 2801 869 2873 μεγασθενής.
892 2800 952 2854 977.
972 2800 1032 2856 989.
1051 2801 1127 2856 Pind.
1148 2802 1188 2857 Ol.
1208 2804 1229 2857 I.
1250 2805 1292 2860 25.
1314 2825 1403 2878 μεγα-

179 2891 279 2957 σθενὴς
295 2891 435 2960 γαιάοχος.
455 2889 535 2943 Ατῖετ
554 2888 625 2942 Nub.
645 2890 705 2944 566.
724 2889 772 2941 τόν
790 2907 818 2942 τε
836 2894 997 2961 μεγασθενῆ
1015 2895 1137 2961 τριαίνης
1155 2897 1266 2965 ταμίαν.

250 2980 310 3033 271.
329 2977 517 3049 κάξοθριάζων
534 2978 570 3032 Μ.
590 2978 777 3050 κάξορθιάζων
794 2978 873 3032 Turn.
906 2977 976 3032 Fort.
995 2980 1200 3050 κάπορθιοίζων,
1220 2983 1286 3037 utin
1300 2986 1349 3053 Ag.
1360 2985 1403 3040 29.

178 3070 251 3125 Pers.
272 3069 349 3124 1051.
380 3068 419 3125 Of.
439 3068 472 3122 ad
491 3068 551 3122 954.
624 3067 684 3121 272.
704 3062 781 3139 ἧπαρ
799 3068 906 3141 τούμόν
924 3067 987 3122 olim
1005 3068 1099 3124 Bothe.
1185 3099 1187 3105 ’

251 3159 310 3213 273.
328 3161 441 3230 μέτειμι
459 3158 524 3227 τοῦ]
542 3160 652 3230 μέτεισί
668 3177 708 3217 τις
726 3156 800 3211 Τοδῖ.
859 3158 1031 3229 τοῦπατρὸς
1049 3160 1113 3220 τοὺς
1132 3163 1237 3222 αἰτίους
1255 3179 1318 3217 msS.
1341 3166 1405 3226 τοὺς

179 3248 294 3308 διπλοῦς
312 3248 517 3319 πατροκτόνους
535 3247 564 3301 F.
584 3247 628 3301 W.
648 3247 776 3301 Schmidt.
800 3248 864 3307 τοὺς
882 3249 1077 3320 παλαμναίους
1101 3250 1204 3321 πατρὸς
1223 3251 1402 3307 Stadtmuller.

178 3339 250 3393 Fort.
269 3337 442 3408 τοῦπατρὸς
464 3338 528 3397 τοὺς
550 3337 755 3410 προστρόπους,
778 3338 826 3391 aut
842 3346 893 3389 τοῦ
910 3337 1000 3408 φόνου
1020 3368 1053 3377 -
1073 3338 1120 3407 (ita
1138 3339 1219 3394 etiam
1237 3340 1402 3396 Heimsoeth.

178 3425 492 3497 Herw.p1·0b.Weekl.).
525 3428 580 3480 Aut
597 3435 648 3478 τοῦ
665 3426 755 3496 φόνου
768 3426 826 3494 (ταί
842 3427 944 3498 μόρου)
963 3428 1027 3487 τοὺς
1046 3430 1158 3488 αἰτίους.
1196 3431 1251 3483 Aut
1268 3431 1332 3490 τοὺς
1351 3432 1403 3501 φό-

178 3535 229 3570 νου
251 3517 303 3585 (sc.
322 3526 373 3569 τοῦ
395 3516 514 3587 πατρὸς)
541 3519 707 3588 μεταιτίους.
738 3515 789 3584 (cf.
810 3515 857 3569 Ch.
878 3516 937 3570 134.
957 3520 1104 3585 Αἴγισθον,
1124 3516 1210 3588 δσπερ
1237 3529 1291 3571 σου
1313 3520 1403 3590 φόνου

177 3609 327 3679 μεταίτιος.
347 3605 406 3660 100.
425 3605 502 3658 Eum.
517 3605 588 3674 199.)
624 3604 724 3674 Utique
745 3605 810 3665 τοὺς
833 3608 937 3665 αἰτίους
959 3621 1007 3675 per
1024 3621 1053 3660 se
1076 3623 1130 3660 non
1148 3609 1236 3678 potest
1254 3609 1403 3678 significare

177 3695 242 3754 τοὺς
269 3697 380 3765 φονέας.
418 3693 556 3748 Glossema
582 3694 690 3748 videtur
716 3695 828 3766 πατρός.
860 3694 898 3749 cf.
920 3695 978 3748 117.
1007 3700 1065 3756 τοῖς
1089 3699 1187 3756 αἰτίοις
1209 3717 1260 3750 νυν
1282 3708 1333 3751 τοῦ
1350 3700 1411 3770 φό-“

177 3804 228 3836 νου
247 3814 293 3839 -.
312 3783 373 3838 837.
394 3784 442 3835 τὸν
461 3783 549 3836 αἴτιόν
567 3783 590 3835 τ’
609 3782 758 3844 ἒξαπολλδς
775 3784 875 3856 μόρου.
899 3783 975 3838 Eum.
995 3785 1055 3840 580.
1076 3789 1167 3838 αἰτίαν
1186 3785 1209 3838 δ’
1229 3787 1281 3856 ἔχω
1300 3818 1333 3827 -
1353 3798 1404 3840 τοῦ

177 3892 275 3943 φονου.

249 3961 408 4017 274-296.
427 3961 484 4015 Hos
502 3978 547 4016 ττ.
567 3961 681 4016 secludit
697 3962 775 4015 Dind.

250 4051 310 4105 275.
330 4047 610 4123 ἀποχρηματοῖσιΜ.
630 4051 854 4124 ἀποχρημάτοισι
873 4051 933 4107 Seh.
987 4055 1187 4125 μαυροόμενον
1204 4055 1304 4123 Heyse.

249 4139 309 4195 276.
330 4140 414 4192 αὐτόν
432 4138 454 4192 τ’
473 4156 536 4194 mss.
567 4140 630 4210 Leg.
651 4142 734 4193 αὐτόν
753 4140 786 4194 δ’.
859 4141 937 4210 τάδε]
956 4142 1015 4195 τότε
1034 4143 1134 4211 Heyse.

249 4227 310 4282 277.
329 4233 415 4281 τίσειν
432 4228 479 4301 μ’]
499 4228 557 4283 Del.
575 4229 614 4302 μ’.
671 4229 779 4300 ἔχοντα]
798 4230 885 4283 ἐῶντα
903 4230 983 4285 Woil.
1038 4230 1191 4303 δυστερπῆ]
1211 4232 1260 4299 Qu.
1275 4233 1401 4304 δυσφιλῆ.

250 4317 309 4372 278.
329 4317 377 4387 τά]
404 4327 459 4370 τῶν
477 4317 533 4372 Pal.
597 4317 771 4390 δυσφρόνων]
802 4319 875 4374 “La
895 4319 1060 4375 Fufiarum.¹’
1079 4321 1182 4391 (Dobr.)
1214 4321 1252 4375 Cf.
1270 4324 1321 4392 Ag.
1340 4322 1401 4377 834.

177 4407 310 4480 δύσφρων
328 4407 375 4467 ἰός.
407 4406 456 4473 Qu.
476 4407 621 4480 δυσχερῶν,
641 4407 775 4479 δυσφιλῆ,
792 4410 839 4462 aut
855 4412 995 4482 νερτέρων.
1050 4412 1220 4482 μειλίγματα
1237 4427 1301 4465 αισα.
1320 4417 1399 4484 μηνί·

175 4515 255 4570 ματα
276 4495 389 4552 Lobeek.
413 4495 504 4550 Herm.
523 4496 594 4568 Sidg.
614 4497 713 4566 Mahly.
742 4496 885 4571 δυσφόρου
905 4498 1049 4571 δηλήματα
1077 4499 1105 4553 F.
1119 4500 1163 4554 W.
1177 4498 1305 4554 Schmidt.
1325 4501 1402 4570 (δυσ-
